,trade_id,product_id,price,size,time,side,exchange,bid,ask
0,590641283,ETH-USD,3598.16,0.01375526,2025-01-04 06:38:20.767435+00:00,SELL,,,
1,590641265,ETH-USD,3598.52,0.00055024,2025-01-04 06:38:05.312585+00:00,SELL,,,
2,387031754,ETH-USD,3597.6,0.01677584,2025-01-04 06:37:50.171000+00:00,BUY,,,
3,590641235,ETH-USD,3598.19,0.001,2025-01-04 06:37:34.207227+00:00,BUY,,,
4,590641224,ETH-USD,3598.33,0.00137564,2025-01-04 06:37:17.481193+00:00,SELL,,,
5,590641198,ETH-USD,3597.61,0.69754246,2025-01-04 06:37:01.365434+00:00,SELL,,,
6,590641182,ETH-USD,3597.62,0.00960633,2025-01-04 06:36:46.157144+00:00,SELL,,,
7,590641163,ETH-USD,3596.97,0.05933581,2025-01-04 06:36:31.776549+00:00,SELL,,,
8,590641140,ETH-USD,3596.72,0.58750562,2025-01-04 06:36:15.464635+00:00,SELL,,,
9,590641129,ETH-USD,3596.71,0.00015736,2025-01-04 06:36:00.953901+00:00,BUY,,,
10,590641116,ETH-USD,3596.71,0.00374199,2025-01-04 06:35:44.546864+00:00,BUY,,,
11,590641096,ETH-USD,3596.65,0.02692021,2025-01-04 06:35:28.284840+00:00,SELL,,,
12,590641074,ETH-USD,3596.96,0.00640282,2025-01-04 06:35:13.424289+00:00,BUY,,,
13,590641058,ETH-USD,3596.68,0.00374214,2025-01-04 06:34:58.623135+00:00,SELL,,,
14,590641040,ETH-USD,3596.52,0.0002165,2025-01-04 06:34:41.654349+00:00,SELL,,,
15,590640986,ETH-USD,3596.66,0.0064702,2025-01-04 06:34:26.454971+00:00,SELL,,,
16,590640952,ETH-USD,3598.31,0.01928637,2025-01-04 06:34:11.998009+00:00,BUY,,,
17,590640929,ETH-USD,3597.26,0.00375037,2025-01-04 06:33:54.923634+00:00,BUY,,,
18,590640910,ETH-USD,3597.39,0.00035018,2025-01-04 06:33:36.711623+00:00,BUY,,,
19,590640890,ETH-USD,3597.24,0.00015846,2025-01-04 06:33:21.977811+00:00,SELL,,,
20,590640867,ETH-USD,3597.23,0.001,2025-01-04 06:33:06.653479+00:00,BUY,,,
21,590640838,ETH-USD,3597.65,0.00375366,2025-01-04 06:32:50.945058+00:00,SELL,,,
22,590640814,ETH-USD,3598.02,0.00817686,2025-01-04 06:32:34.079765+00:00,SELL,,,
23,590640798,ETH-USD,3597.9,0.00041554,2025-01-04 06:32:19.930494+00:00,SELL,,,
24,590640748,ETH-USD,3599.56,0.01320437,2025-01-04 06:32:04.353081+00:00,SELL,,,
25,590640727,ETH-USD,3599.33,0.00145841,2025-01-04 06:31:49.372251+00:00,BUY,,,
26,590640713,ETH-USD,3599.54,0.05500657,2025-01-04 06:31:34.302113+00:00,SELL,,,
27,590640686,ETH-USD,3599.56,0.01792,2025-01-04 06:31:19.624960+00:00,BUY,,,
28,590640668,ETH-USD,3599.75,0.00264777,2025-01-04 06:31:04.829568+00:00,BUY,,,
29,590640639,ETH-USD,3599.8,0.00674619,2025-01-04 06:30:49.574709+00:00,SELL,,,
30,590640630,ETH-USD,3599.8,0.02812306,2025-01-04 06:30:32.413841+00:00,SELL,,,
31,590640615,ETH-USD,3599.8,0.00275015,2025-01-04 06:30:17.898538+00:00,SELL,,,
32,590640593,ETH-USD,3599.79,0.17992883,2025-01-04 06:29:59.299837+00:00,BUY,,,
33,590640587,ETH-USD,3599.8,0.0539745,2025-01-04 06:29:43.994485+00:00,SELL,,,
34,590640582,ETH-USD,3599.8,0.08098808,2025-01-04 06:29:28.509411+00:00,SELL,,,
35,590640554,ETH-USD,3599.74,0.00375142,2025-01-04 06:29:13.104909+00:00,SELL,,,
36,590640535,ETH-USD,3599.8,0.0251,2025-01-04 06:28:56.903903+00:00,SELL,,,
37,590640522,ETH-USD,3599.68,0.01031342,2025-01-04 06:28:41.891647+00:00,SELL,,,
38,590640507,ETH-USD,3599.55,0.00431493,2025-01-04 06:28:26.276394+00:00,SELL,,,
39,590640484,ETH-USD,3599.97,0.02897959,2025-01-04 06:28:11.531342+00:00,SELL,,,
40,590640448,ETH-USD,3600.32,0.2006128,2025-01-04 06:27:55.773611+00:00,BUY,,,
41,590640433,ETH-USD,3600.29,0.00006111,2025-01-04 06:27:38.251654+00:00,BUY,,,
42,590640401,ETH-USD,3600.54,0.00001666,2025-01-04 06:27:20.673617+00:00,BUY,,,
43,590640387,ETH-USD,3600.81,0.00976579,2025-01-04 06:27:05.901027+00:00,SELL,,,
44,590640370,ETH-USD,3600.75,0.01658776,2025-01-04 06:26:50.985691+00:00,BUY,,,
45,590640346,ETH-USD,3601.73,0.00137705,2025-01-04 06:26:35.363373+00:00,SELL,,,
46,590640334,ETH-USD,3601.47,0.0002776,2025-01-04 06:26:20.849025+00:00,BUY,,,
47,590640310,ETH-USD,3602.31,0.02748204,2025-01-04 06:26:01.394654+00:00,SELL,,,
48,590640290,ETH-USD,3602.31,0.00376434,2025-01-04 06:25:46.146876+00:00,SELL,,,
49,590640265,ETH-USD,3600.16,0.00316757,2025-01-04 06:25:31.744045+00:00,SELL,,,
50,590640256,ETH-USD,3600.5,0.00035274,2025-01-04 06:25:16.832017+00:00,SELL,,,
51,590640242,ETH-USD,3600.41,0.00376558,2025-01-04 06:25:01.093852+00:00,BUY,,,
52,590640210,ETH-USD,3600.42,0.0011026,2025-01-04 06:24:46.024552+00:00,SELL,,,
53,590640190,ETH-USD,3600.49,0.00169968,2025-01-04 06:24:31.405223+00:00,SELL,,,
54,590640176,ETH-USD,3600.57,0.00058223,2025-01-04 06:24:16.524479+00:00,SELL,,,
55,590640161,ETH-USD,3600.5,0.00008054,2025-01-04 06:24:01.927749+00:00,BUY,,,
56,590640140,ETH-USD,3600.42,0.00125332,2025-01-04 06:23:46.173261+00:00,SELL,,,
57,590640119,ETH-USD,3600.26,0.00134717,2025-01-04 06:23:31.096131+00:00,SELL,,,
58,590640095,ETH-USD,3600.42,0.00130176,2025-01-04 06:23:16.629661+00:00,SELL,,,
59,590640074,ETH-USD,3600.04,0.00049727,2025-01-04 06:23:00.359413+00:00,SELL,,,
60,2025-01-04T06:22:44.791Z-ETH/USD-3599.31-0.3,ETH-USD,3599.31,0.3,2025-01-04 06:22:44.791000+00:00,UNKNOWN_ORDER_SIDE,,,
61,590639979,ETH-USD,3599.63,0.00846355,2025-01-04 06:22:28.838840+00:00,BUY,,,
62,590639963,ETH-USD,3598.75,0.35208593,2025-01-04 06:22:13.742689+00:00,SELL,,,
63,590639946,ETH-USD,3597.98,0.03662484,2025-01-04 06:21:58.760336+00:00,SELL,,,
64,590639933,ETH-USD,3597.98,0.00380171,2025-01-04 06:21:43.180908+00:00,BUY,,,
65,590639909,ETH-USD,3598.09,0.00809702,2025-01-04 06:21:28.944881+00:00,SELL,,,
66,590639887,ETH-USD,3598.75,0.00700118,2025-01-04 06:21:12.469589+00:00,SELL,,,
67,387030771,ETH-USD,3599.1,0.0095,2025-01-04 06:20:57.655000+00:00,BUY,,,
68,590639852,ETH-USD,3599.59,0.001,2025-01-04 06:20:41.122550+00:00,BUY,,,
69,590639833,ETH-USD,3599.63,0.00379997,2025-01-04 06:20:23.713209+00:00,BUY,,,
70,590639807,ETH-USD,3599.91,0.00110413,2025-01-04 06:20:08.148866+00:00,BUY,,,
71,590639780,ETH-USD,3600.92,0.00257055,2025-01-04 06:19:51.897769+00:00,SELL,,,
72,590639749,ETH-USD,3600.9,0.00279922,2025-01-04 06:19:36.672617+00:00,SELL,,,
73,590639730,ETH-USD,3601.03,0.10974973,2025-01-04 06:19:19.534756+00:00,BUY,,,
74,590639710,ETH-USD,3601.6,0.0161,2025-01-04 06:19:04.718046+00:00,SELL,,,
75,590639677,ETH-USD,3600.29,0.00068286,2025-01-04 06:18:48.019574+00:00,SELL,,,
76,590639648,ETH-USD,3601.87,0.00379761,2025-01-04 06:18:33.533396+00:00,BUY,,,
77,590639606,ETH-USD,3603.29,0.01373085,2025-01-04 06:18:18.320985+00:00,SELL,,,
78,590639560,ETH-USD,3602.85,0.00302281,2025-01-04 06:18:03.238985+00:00,SELL,,,
79,590639530,ETH-USD,3604.01,0.001,2025-01-04 06:17:48.753826+00:00,BUY,,,
80,590639481,ETH-USD,3604.37,0.00002218,2025-01-04 06:17:32.884358+00:00,SELL,,,
81,590639419,ETH-USD,3605.28,0.00000814,2025-01-04 06:17:17.583167+00:00,SELL,,,
82,590639382,ETH-USD,3604.2,0.00185857,2025-01-04 06:16:59.350212+00:00,SELL,,,
83,2025-01-04T06:16:44.643Z-ETH/USD-3604.644-2.33,ETH-USD,3604.644,2.33,2025-01-04 06:16:44.643000+00:00,UNKNOWN_ORDER_SIDE,,,
84,590639329,ETH-USD,3604.63,0.01384732,2025-01-04 06:16:29.924907+00:00,SELL,,,
85,590639291,ETH-USD,3603.0,0.00082443,2025-01-04 06:16:14.520940+00:00,SELL,,,
86,590639269,ETH-USD,3602.32,0.02645342,2025-01-04 06:15:59.443603+00:00,SELL,,,
87,590639246,ETH-USD,3601.68,0.01766414,2025-01-04 06:15:44.899918+00:00,SELL,,,
88,590639234,ETH-USD,3601.5,0.06745633,2025-01-04 06:15:29.468896+00:00,SELL,,,
89,590639213,ETH-USD,3601.5,0.00382565,2025-01-04 06:15:11.684394+00:00,SELL,,,
90,590639187,ETH-USD,3601.73,0.01374538,2025-01-04 06:14:56.372227+00:00,SELL,,,
91,590639165,ETH-USD,3600.96,0.00157729,2025-01-04 06:14:41.968564+00:00,SELL,,,
92,590639141,ETH-USD,3600.62,0.02645981,2025-01-04 06:14:26.530042+00:00,SELL,,,
93,590639093,ETH-USD,3601.58,0.00549743,2025-01-04 06:14:11.624864+00:00,SELL,,,
94,590639058,ETH-USD,3602.51,0.0027493,2025-01-04 06:13:56.442693+00:00,SELL,,,
95,387030407,ETH-USD,3601.5,0.0334416,2025-01-04 06:13:41.591000+00:00,BUY,,,
96,387030396,ETH-USD,3601.3,0.0392,2025-01-04 06:13:25.933000+00:00,BUY,,,
97,590638974,ETH-USD,3600.91,0.06779443,2025-01-04 06:13:10.912266+00:00,SELL,,,
98,590638963,ETH-USD,3600.66,0.08885578,2025-01-04 06:12:55.200160+00:00,SELL,,,
99,590638941,ETH-USD,3600.81,0.56111687,2025-01-04 06:12:40.640966+00:00,BUY,,,
100,590638908,ETH-USD,3600.13,0.00001288,2025-01-04 06:12:24.330123+00:00,BUY,,,
101,590638883,ETH-USD,3599.89,0.00382798,2025-01-04 06:12:09.203434+00:00,SELL,,,
102,590638855,ETH-USD,3600.19,0.00274823,2025-01-04 06:11:52.833318+00:00,SELL,,,
103,590638829,ETH-USD,3601.65,0.04122549,2025-01-04 06:11:37.177779+00:00,SELL,,,
104,590638801,ETH-USD,3602.14,0.01317268,2025-01-04 06:11:22.835973+00:00,SELL,,,
105,590638734,ETH-USD,3600.0,0.47952734,2025-01-04 06:11:07.998941+00:00,SELL,,,
106,590638708,ETH-USD,3598.59,0.00382965,2025-01-04 06:10:52.940415+00:00,BUY,,,
107,590638669,ETH-USD,3597.57,0.00006112,2025-01-04 06:10:37.356745+00:00,SELL,,,
108,590638657,ETH-USD,3597.03,1.16934567,2025-01-04 06:10:22.548729+00:00,SELL,,,
109,590638582,ETH-USD,3596.52,0.00275263,2025-01-04 06:10:07.848536+00:00,SELL,,,
110,590638562,ETH-USD,3597.31,0.00000643,2025-01-04 06:09:51.545195+00:00,SELL,,,
111,590638528,ETH-USD,3597.14,0.26739623,2025-01-04 06:09:36.895926+00:00,SELL,,,
112,590638507,ETH-USD,3597.55,0.00770729,2025-01-04 06:09:20.835353+00:00,SELL,,,
113,590638492,ETH-USD,3597.96,0.01138739,2025-01-04 06:09:05.039388+00:00,SELL,,,
114,590638469,ETH-USD,3598.34,0.2,2025-01-04 06:08:50.489120+00:00,SELL,,,
115,590638449,ETH-USD,3597.84,0.05777552,2025-01-04 06:08:35.963415+00:00,SELL,,,
116,590638427,ETH-USD,3597.83,0.00209886,2025-01-04 06:08:19.060266+00:00,SELL,,,
117,590638398,ETH-USD,3598.27,0.00027791,2025-01-04 06:08:04.107592+00:00,SELL,,,
118,590638382,ETH-USD,3598.27,0.04057872,2025-01-04 06:07:49.961760+00:00,SELL,,,
119,590638368,ETH-USD,3598.12,0.00382748,2025-01-04 06:07:33.375681+00:00,SELL,,,
120,590638347,ETH-USD,3598.0,0.00646847,2025-01-04 06:07:18.669144+00:00,SELL,,,
121,590638330,ETH-USD,3598.41,0.001,2025-01-04 06:07:02.968740+00:00,SELL,,,
122,590638311,ETH-USD,3598.28,0.00003335,2025-01-04 06:06:47.924176+00:00,SELL,,,
123,590638286,ETH-USD,3598.09,0.0005925,2025-01-04 06:06:32.581962+00:00,SELL,,,
124,590638264,ETH-USD,3596.75,0.02774756,2025-01-04 06:06:17.264187+00:00,BUY,,,
125,590638225,ETH-USD,3594.64,0.00248116,2025-01-04 06:06:02.912467+00:00,SELL,,,
126,590638205,ETH-USD,3595.05,0.01476322,2025-01-04 06:05:47.944418+00:00,SELL,,,
127,590638184,ETH-USD,3594.93,0.03303542,2025-01-04 06:05:31.914877+00:00,SELL,,,
128,590638159,ETH-USD,3595.75,0.00315184,2025-01-04 06:05:16.597867+00:00,SELL,,,
129,590638128,ETH-USD,3596.41,0.27527528,2025-01-04 06:05:00.951428+00:00,SELL,,,
130,590638108,ETH-USD,3596.33,0.00033117,2025-01-04 06:04:45.521139+00:00,SELL,,,
131,590638089,ETH-USD,3596.36,0.0038293,2025-01-04 06:04:28.689024+00:00,BUY,,,
132,590638050,ETH-USD,3596.71,0.02735332,2025-01-04 06:04:13.912106+00:00,SELL,,,
133,590638030,ETH-USD,3596.54,0.00043865,2025-01-04 06:03:58.376556+00:00,SELL,,,
134,590638010,ETH-USD,3596.54,0.00153607,2025-01-04 06:03:43.850473+00:00,SELL,,,
135,387029856,ETH-USD,3594.9,0.0059952,2025-01-04 06:03:28.769000+00:00,SELL,,,
136,590637944,ETH-USD,3595.61,0.27548085,2025-01-04 06:03:10.945050+00:00,SELL,,,
137,590637910,ETH-USD,3595.91,0.01548867,2025-01-04 06:02:55.224984+00:00,SELL,,,
138,590637864,ETH-USD,3596.11,0.02769978,2025-01-04 06:02:39.716974+00:00,SELL,,,
139,2025-01-04T06:02:24.757Z-ETH/USD-3597.6-2.32,ETH-USD,3597.6,2.32,2025-01-04 06:02:24.757000+00:00,UNKNOWN_ORDER_SIDE,,,
140,590637813,ETH-USD,3595.52,0.04149428,2025-01-04 06:02:08.606049+00:00,BUY,,,
141,590637783,ETH-USD,3595.46,0.00684619,2025-01-04 06:01:53.764804+00:00,SELL,,,
142,590637752,ETH-USD,3595.64,0.00150047,2025-01-04 06:01:38.919736+00:00,SELL,,,
143,590637735,ETH-USD,3596.14,0.00086089,2025-01-04 06:01:23.949674+00:00,SELL,,,
144,590637712,ETH-USD,3595.97,0.03555652,2025-01-04 06:01:08.802951+00:00,BUY,,,
145,590637685,ETH-USD,3595.52,0.00415086,2025-01-04 06:00:52.479075+00:00,BUY,,,
146,590637646,ETH-USD,3595.02,0.03204121,2025-01-04 06:00:37.097982+00:00,SELL,,,
147,590637623,ETH-USD,3595.49,0.08427294,2025-01-04 06:00:20.934904+00:00,BUY,,,
148,590637564,ETH-USD,3595.45,0.05281751,2025-01-04 06:00:05.594902+00:00,BUY,,,
149,590637547,ETH-USD,3595.12,0.001,2025-01-04 05:59:50.808012+00:00,BUY,,,
150,590637505,ETH-USD,3595.46,0.05506945,2025-01-04 05:59:35.430883+00:00,SELL,,,
151,590637490,ETH-USD,3595.46,0.00053181,2025-01-04 05:59:20.047417+00:00,SELL,,,
152,590637476,ETH-USD,3595.26,0.00382752,2025-01-04 05:59:05.043879+00:00,BUY,,,
153,590637453,ETH-USD,3594.79,0.00962681,2025-01-04 05:58:49.922150+00:00,BUY,,,
154,590637427,ETH-USD,3594.79,0.00080787,2025-01-04 05:58:34.318477+00:00,SELL,,,
155,2025-01-04T05:58:19.945Z-ETH/USD-3595.109-1.03,ETH-USD,3595.109,1.03,2025-01-04 05:58:19.945000+00:00,UNKNOWN_ORDER_SIDE,,,
156,590637376,ETH-USD,3593.69,0.00344457,2025-01-04 05:58:03.927327+00:00,SELL,,,
157,590637358,ETH-USD,3594.24,0.00032379,2025-01-04 05:57:48.570427+00:00,SELL,,,
158,387029510,ETH-USD,3594.3,0.01004522,2025-01-04 05:57:33.135000+00:00,BUY,,,
159,590637318,ETH-USD,3594.32,0.00273364,2025-01-04 05:57:17.994011+00:00,SELL,,,
160,590637290,ETH-USD,3593.76,0.004,2025-01-04 05:57:02.689019+00:00,SELL,,,
161,590637253,ETH-USD,3594.96,0.31246,2025-01-04 05:56:45.876131+00:00,BUY,,,
162,387029474,ETH-USD,3594.4,0.0279,2025-01-04 05:56:30.150000+00:00,BUY,,,
163,590637151,ETH-USD,3590.86,0.01048341,2025-01-04 05:56:14.490277+00:00,SELL,,,
164,590637131,ETH-USD,3589.47,0.01639442,2025-01-04 05:55:58.670769+00:00,SELL,,,
165,590637112,ETH-USD,3589.47,0.00137903,2025-01-04 05:55:42.587347+00:00,SELL,,,
166,590637090,ETH-USD,3589.47,0.01391434,2025-01-04 05:55:25.821139+00:00,SELL,,,
167,590637083,ETH-USD,3589.87,0.001,2025-01-04 05:55:09.391936+00:00,SELL,,,
168,590637058,ETH-USD,3589.43,0.02642401,2025-01-04 05:54:51.845436+00:00,SELL,,,
169,590637043,ETH-USD,3589.52,0.01927917,2025-01-04 05:54:35.784477+00:00,SELL,,,
170,590637014,ETH-USD,3589.74,0.01637009,2025-01-04 05:54:19.950593+00:00,SELL,,,
171,590636992,ETH-USD,3589.92,0.00510456,2025-01-04 05:54:04.692198+00:00,SELL,,,
172,590636964,ETH-USD,3590.48,0.01391298,2025-01-04 05:53:49.454799+00:00,SELL,,,
173,590636920,ETH-USD,3590.31,0.00534637,2025-01-04 05:53:32.666097+00:00,SELL,,,
174,590636902,ETH-USD,3590.32,0.01379493,2025-01-04 05:53:16.059285+00:00,SELL,,,
175,590636857,ETH-USD,3588.17,0.00383759,2025-01-04 05:53:01.993935+00:00,SELL,,,
176,590636825,ETH-USD,3588.51,0.16245861,2025-01-04 05:52:46.911688+00:00,SELL,,,
177,590636774,ETH-USD,3589.23,0.00383686,2025-01-04 05:52:31.542430+00:00,SELL,,,
178,590636754,ETH-USD,3589.96,0.12956012,2025-01-04 05:52:15.625122+00:00,BUY,,,
179,590636717,ETH-USD,3590.75,1.44403859,2025-01-04 05:52:00.992954+00:00,BUY,,,
180,590636703,ETH-USD,3590.86,0.00001513,2025-01-04 05:51:45.852387+00:00,SELL,,,
181,590636686,ETH-USD,3590.73,0.00510336,2025-01-04 05:51:29.394647+00:00,SELL,,,
182,590636647,ETH-USD,3590.71,0.02754246,2025-01-04 05:51:14.091060+00:00,SELL,,,
183,590636623,ETH-USD,3590.52,0.00067546,2025-01-04 05:50:59.367733+00:00,SELL,,,
184,2025-01-04T05:50:42.984Z-ETH/USD-3591.504-0.2,ETH-USD,3591.504,0.2,2025-01-04 05:50:42.984000+00:00,UNKNOWN_ORDER_SIDE,,,
185,590636556,ETH-USD,3590.51,0.00648163,2025-01-04 05:50:27.457909+00:00,SELL,,,
186,590636522,ETH-USD,3590.89,0.01047637,2025-01-04 05:50:12.828521+00:00,SELL,,,
187,590636498,ETH-USD,3590.89,0.00137847,2025-01-04 05:49:57.732726+00:00,SELL,,,
188,590636490,ETH-USD,3590.94,0.00057066,2025-01-04 05:49:42.785191+00:00,SELL,,,
189,590636472,ETH-USD,3591.3,0.001,2025-01-04 05:49:27.598647+00:00,BUY,,,
190,590636459,ETH-USD,3591.83,0.00383417,2025-01-04 05:49:12.697140+00:00,SELL,,,
191,590636437,ETH-USD,3591.65,0.00109979,2025-01-04 05:48:57.961556+00:00,SELL,,,
192,590636414,ETH-USD,3592.16,0.00383386,2025-01-04 05:48:42.103823+00:00,SELL,,,
193,590636393,ETH-USD,3592.25,0.00193122,2025-01-04 05:48:26.607339+00:00,SELL,,,
194,590636364,ETH-USD,3591.86,0.0003554,2025-01-04 05:48:10.316576+00:00,SELL,,,
195,590636336,ETH-USD,3591.67,0.0284034,2025-01-04 05:47:55.751535+00:00,BUY,,,
196,590636312,ETH-USD,3592.2,0.00217351,2025-01-04 05:47:40.956500+00:00,SELL,,,
197,590636286,ETH-USD,3592.59,0.00248272,2025-01-04 05:47:25.948974+00:00,SELL,,,
198,590636245,ETH-USD,3592.63,0.00001112,2025-01-04 05:47:10.667670+00:00,SELL,,,
199,590636221,ETH-USD,3592.05,0.0001011,2025-01-04 05:46:55.044720+00:00,SELL,,,
200,590636206,ETH-USD,3591.85,0.00383093,2025-01-04 05:46:40.668043+00:00,BUY,,,
201,590636188,ETH-USD,3591.83,0.00315538,2025-01-04 05:46:25.233412+00:00,SELL,,,
202,590636160,ETH-USD,3591.9,0.00165367,2025-01-04 05:46:08.789102+00:00,SELL,,,
203,590636136,ETH-USD,3592.48,0.00127116,2025-01-04 05:45:53.150084+00:00,SELL,,,
204,590636119,ETH-USD,3592.66,0.16258963,2025-01-04 05:45:38.172484+00:00,SELL,,,
205,590636088,ETH-USD,3593.21,0.00120213,2025-01-04 05:45:23.838485+00:00,BUY,,,
206,590636060,ETH-USD,3593.63,0.20864804,2025-01-04 05:45:07.166605+00:00,BUY,,,
207,590636049,ETH-USD,3593.64,0.02375674,2025-01-04 05:44:52.688655+00:00,SELL,,,
208,590636031,ETH-USD,3593.52,0.00080779,2025-01-04 05:44:37.979575+00:00,BUY,,,
209,590636007,ETH-USD,3593.91,0.00382905,2025-01-04 05:44:21.892348+00:00,SELL,,,
210,590635969,ETH-USD,3593.64,0.00382901,2025-01-04 05:44:05.712816+00:00,SELL,,,
211,590635946,ETH-USD,3593.92,0.00141189,2025-01-04 05:43:50.410908+00:00,SELL,,,
212,590635919,ETH-USD,3593.81,0.00005949,2025-01-04 05:43:35.248288+00:00,SELL,,,
213,590635898,ETH-USD,3593.65,0.02651835,2025-01-04 05:43:20.809102+00:00,SELL,,,
214,590635881,ETH-USD,3593.64,0.00248208,2025-01-04 05:43:05.557822+00:00,SELL,,,
215,590635858,ETH-USD,3593.73,0.0953378,2025-01-04 05:42:50.742186+00:00,SELL,,,
216,590635843,ETH-USD,3593.61,0.00374029,2025-01-04 05:42:34.551695+00:00,SELL,,,
217,590635807,ETH-USD,3593.84,0.00098663,2025-01-04 05:42:19.853839+00:00,SELL,,,
218,590635787,ETH-USD,3594.02,0.00479938,2025-01-04 05:42:04.640833+00:00,SELL,,,
219,590635770,ETH-USD,3593.84,0.02651562,2025-01-04 05:41:47.418071+00:00,SELL,,,
220,590635750,ETH-USD,3593.86,0.04533401,2025-01-04 05:41:31.897559+00:00,SELL,,,
221,590635733,ETH-USD,3593.8,0.27269464,2025-01-04 05:41:13.840464+00:00,SELL,,,
222,590635707,ETH-USD,3594.1,0.001,2025-01-04 05:40:58.926865+00:00,BUY,,,
223,590635682,ETH-USD,3594.39,0.00963907,2025-01-04 05:40:43.835138+00:00,SELL,,,
224,590635648,ETH-USD,3594.44,0.00032147,2025-01-04 05:40:28.541684+00:00,SELL,,,
225,590635614,ETH-USD,3593.05,0.00070515,2025-01-04 05:40:13.757585+00:00,BUY,,,
226,590635583,ETH-USD,3593.84,0.00248315,2025-01-04 05:39:57.968266+00:00,SELL,,,
227,590635532,ETH-USD,3591.66,0.00000025,2025-01-04 05:39:42.123553+00:00,SELL,,,
228,590635512,ETH-USD,3591.53,0.16493494,2025-01-04 05:39:27.684379+00:00,SELL,,,
229,590635493,ETH-USD,3591.28,0.00228067,2025-01-04 05:39:12.806080+00:00,SELL,,,
230,590635473,ETH-USD,3590.99,0.00510268,2025-01-04 05:38:57.908375+00:00,SELL,,,
231,590635433,ETH-USD,3591.97,0.02435626,2025-01-04 05:38:42.320723+00:00,SELL,,,
232,590635408,ETH-USD,3592.02,0.001,2025-01-04 05:38:27.883035+00:00,BUY,,,
233,590635383,ETH-USD,3592.78,0.00027269,2025-01-04 05:38:12.844799+00:00,SELL,,,
234,590635364,ETH-USD,3592.89,0.00248262,2025-01-04 05:37:57.796870+00:00,SELL,,,
235,590635337,ETH-USD,3592.94,0.00004714,2025-01-04 05:37:42.745980+00:00,BUY,,,
236,590635320,ETH-USD,3592.89,0.00025964,2025-01-04 05:37:27.292632+00:00,BUY,,,
237,590635300,ETH-USD,3592.77,0.0074527,2025-01-04 05:37:12.434363+00:00,BUY,,,
238,590635286,ETH-USD,3592.8,0.00688877,2025-01-04 05:36:55.369886+00:00,SELL,,,
239,590635261,ETH-USD,3592.81,0.00026523,2025-01-04 05:36:40.791146+00:00,SELL,,,
240,590635237,ETH-USD,3592.69,0.00078323,2025-01-04 05:36:25.097864+00:00,SELL,,,
241,590635213,ETH-USD,3592.83,0.00114785,2025-01-04 05:36:10.827100+00:00,SELL,,,
242,590635194,ETH-USD,3593.0,1.15309664,2025-01-04 05:35:54.159302+00:00,BUY,,,
243,590635171,ETH-USD,3593.01,0.00026999,2025-01-04 05:35:39.733363+00:00,SELL,,,
244,590635151,ETH-USD,3593.22,0.08113459,2025-01-04 05:35:24.722589+00:00,SELL,,,
245,590635122,ETH-USD,3593.55,0.00699064,2025-01-04 05:35:09.345013+00:00,SELL,,,
246,590635087,ETH-USD,3592.61,0.00382116,2025-01-04 05:34:54.298805+00:00,BUY,,,
247,590635061,ETH-USD,3592.88,0.00009632,2025-01-04 05:34:39.691698+00:00,SELL,,,
248,2025-01-04T05:34:23.287Z-ETH/USD-3593.251-0.41,ETH-USD,3593.251,0.41,2025-01-04 05:34:23.287000+00:00,UNKNOWN_ORDER_SIDE,,,
249,590635014,ETH-USD,3593.53,0.00275614,2025-01-04 05:34:06.459572+00:00,SELL,,,
250,590634996,ETH-USD,3593.72,0.00344613,2025-01-04 05:33:49.543656+00:00,SELL,,,
251,590634962,ETH-USD,3593.51,0.00382021,2025-01-04 05:33:34.807744+00:00,BUY,,,
252,590634903,ETH-USD,3591.81,0.98456987,2025-01-04 05:33:18.379316+00:00,SELL,,,
253,590634874,ETH-USD,3592.15,0.00275621,2025-01-04 05:33:03.238441+00:00,SELL,,,
254,2025-01-04T05:32:47.397Z-ETH/USD-3593.001-0.98,ETH-USD,3593.001,0.98,2025-01-04 05:32:47.397000+00:00,UNKNOWN_ORDER_SIDE,,,
255,590634835,ETH-USD,3592.03,0.0121294,2025-01-04 05:32:32.264122+00:00,SELL,,,
256,590634815,ETH-USD,3592.09,0.0089182,2025-01-04 05:32:17.804212+00:00,SELL,,,
257,590634794,ETH-USD,3592.96,0.12795562,2025-01-04 05:32:02.624196+00:00,SELL,,,
258,590634771,ETH-USD,3593.32,1.55250255,2025-01-04 05:31:46.934590+00:00,BUY,,,
259,590634744,ETH-USD,3593.52,0.00013914,2025-01-04 05:31:31.885376+00:00,SELL,,,
260,590634724,ETH-USD,3593.13,0.05508891,2025-01-04 05:31:15.781524+00:00,SELL,,,
261,590634695,ETH-USD,3594.19,0.64809701,2025-01-04 05:31:00.417195+00:00,SELL,,,
262,590634625,ETH-USD,3592.36,0.00308082,2025-01-04 05:30:45.559311+00:00,SELL,,,
263,2025-01-04T05:30:30.853Z-ETH/USD-3591.93-1.8,ETH-USD,3591.93,1.8,2025-01-04 05:30:30.853000+00:00,UNKNOWN_ORDER_SIDE,,,
264,590634561,ETH-USD,3592.66,0.07195199,2025-01-04 05:30:15.971588+00:00,BUY,,,
265,590634529,ETH-USD,3592.83,0.00695403,2025-01-04 05:30:00.919879+00:00,SELL,,,
266,590634500,ETH-USD,3593.13,0.00055105,2025-01-04 05:29:44.048139+00:00,SELL,,,
267,590634471,ETH-USD,3593.03,0.02782664,2025-01-04 05:29:28.849514+00:00,SELL,,,
268,590634445,ETH-USD,3593.04,0.00380776,2025-01-04 05:29:11.816742+00:00,BUY,,,
269,590634424,ETH-USD,3593.17,0.00223394,2025-01-04 05:28:56.725176+00:00,SELL,,,
270,590634407,ETH-USD,3593.52,0.02633829,2025-01-04 05:28:41.929990+00:00,SELL,,,
271,590634363,ETH-USD,3593.55,0.05142246,2025-01-04 05:28:25.798364+00:00,SELL,,,
272,2025-01-04T05:28:09.627Z-ETH/USD-3593.547-0.22,ETH-USD,3593.547,0.22,2025-01-04 05:28:09.627000+00:00,UNKNOWN_ORDER_SIDE,,,
273,590634301,ETH-USD,3593.01,0.27047343,2025-01-04 05:27:51.462564+00:00,SELL,,,
274,387028008,ETH-USD,3593.2,0.02631279,2025-01-04 05:27:34.790000+00:00,BUY,,,
275,590634248,ETH-USD,3592.2,0.03510303,2025-01-04 05:27:19.606284+00:00,SELL,,,
276,590634223,ETH-USD,3592.9,0.00053063,2025-01-04 05:27:04.096360+00:00,SELL,,,
277,590634204,ETH-USD,3592.9,0.00134873,2025-01-04 05:26:49.646264+00:00,SELL,,,
278,590634173,ETH-USD,3593.16,0.00071568,2025-01-04 05:26:34.686219+00:00,BUY,,,
279,590634130,ETH-USD,3592.98,0.00015901,2025-01-04 05:26:18.367298+00:00,SELL,,,
280,590634104,ETH-USD,3592.61,0.00027835,2025-01-04 05:26:03.258716+00:00,BUY,,,
281,590634087,ETH-USD,3592.42,0.11027845,2025-01-04 05:25:48.704380+00:00,BUY,,,
282,590634030,ETH-USD,3591.23,1.73438,2025-01-04 05:25:32.830577+00:00,SELL,,,
283,590633995,ETH-USD,3590.88,0.0196466,2025-01-04 05:25:17.505698+00:00,SELL,,,
284,590633982,ETH-USD,3591.03,0.00297433,2025-01-04 05:25:02.222986+00:00,SELL,,,
285,590633964,ETH-USD,3591.22,0.0017846,2025-01-04 05:24:44.073412+00:00,BUY,,,
286,590633944,ETH-USD,3591.24,0.00091401,2025-01-04 05:24:29.806592+00:00,SELL,,,
287,590633913,ETH-USD,3591.2,0.00112745,2025-01-04 05:24:13.765575+00:00,SELL,,,
288,590633890,ETH-USD,3591.25,0.00065015,2025-01-04 05:23:58.114867+00:00,SELL,,,
289,590633875,ETH-USD,3591.29,0.00363215,2025-01-04 05:23:41.833532+00:00,SELL,,,
290,590633852,ETH-USD,3591.57,0.00334844,2025-01-04 05:23:26.494435+00:00,SELL,,,
291,590633832,ETH-USD,3592.07,1.98905796,2025-01-04 05:23:11.987063+00:00,BUY,,,
292,590633813,ETH-USD,3592.22,0.05524237,2025-01-04 05:22:56.107582+00:00,SELL,,,
293,590633790,ETH-USD,3592.16,0.00377856,2025-01-04 05:22:39.031379+00:00,BUY,,,
294,590633765,ETH-USD,3592.0,0.00073144,2025-01-04 05:22:22.665543+00:00,SELL,,,
295,2025-01-04T05:22:07.63Z-ETH/USD-3592.038-0.6,ETH-USD,3592.038,0.6,2025-01-04 05:22:07.630000+00:00,UNKNOWN_ORDER_SIDE,,,
296,590633607,ETH-USD,3591.47,0.02784693,2025-01-04 05:21:52.913032+00:00,SELL,,,
297,590633579,ETH-USD,3591.68,0.00124993,2025-01-04 05:21:37.539576+00:00,SELL,,,
298,590633555,ETH-USD,3591.19,0.01687113,2025-01-04 05:21:22.609700+00:00,SELL,,,
299,590633528,ETH-USD,3590.57,0.00419481,2025-01-04 05:21:06.687759+00:00,BUY,,,
300,590633505,ETH-USD,3590.25,0.00945839,2025-01-04 05:20:50.756983+00:00,SELL,,,
301,590633483,ETH-USD,3589.64,0.00221995,2025-01-04 05:20:35.962412+00:00,SELL,,,
302,590633464,ETH-USD,3589.31,0.00278608,2025-01-04 05:20:20.693800+00:00,BUY,,,
303,387027714,ETH-USD,3589.5,0.03756207,2025-01-04 05:20:05.407000+00:00,BUY,,,
304,590633413,ETH-USD,3589.64,0.007,2025-01-04 05:19:50.130980+00:00,SELL,,,
305,590633378,ETH-USD,3589.65,0.00648434,2025-01-04 05:19:35.047502+00:00,SELL,,,
306,590633359,ETH-USD,3589.6,0.00551617,2025-01-04 05:19:20.193141+00:00,SELL,,,
307,590633339,ETH-USD,3589.29,0.00146829,2025-01-04 05:19:05.288710+00:00,SELL,,,
308,590633318,ETH-USD,3589.23,0.03337375,2025-01-04 05:18:50.592022+00:00,SELL,,,
309,590633286,ETH-USD,3589.08,0.00035386,2025-01-04 05:18:35.893369+00:00,SELL,,,
310,590633264,ETH-USD,3588.96,0.00167961,2025-01-04 05:18:20.413766+00:00,SELL,,,
311,590633240,ETH-USD,3589.01,1.34182216,2025-01-04 05:18:05.950039+00:00,BUY,,,
312,590633219,ETH-USD,3588.74,0.00150531,2025-01-04 05:17:49.809429+00:00,SELL,,,
313,2025-01-04T05:17:30.98Z-ETH/USD-3589.384-0.88,ETH-USD,3589.384,0.88,2025-01-04 05:17:30.980000+00:00,UNKNOWN_ORDER_SIDE,,,
314,590633182,ETH-USD,3588.74,0.00400659,2025-01-04 05:17:15.446115+00:00,SELL,,,
315,590633154,ETH-USD,3588.65,0.00003467,2025-01-04 05:17:00.135342+00:00,BUY,,,
316,590633128,ETH-USD,3588.6,0.08404971,2025-01-04 05:16:45.655740+00:00,BUY,,,
317,590633102,ETH-USD,3588.08,0.01268973,2025-01-04 05:16:30.912981+00:00,SELL,,,
318,590633089,ETH-USD,3587.97,0.04138877,2025-01-04 05:16:15.600138+00:00,SELL,,,
319,590633071,ETH-USD,3587.93,0.02643565,2025-01-04 05:15:59.780121+00:00,SELL,,,
320,590633049,ETH-USD,3587.95,0.00055283,2025-01-04 05:15:44.933572+00:00,SELL,,,
321,590633031,ETH-USD,3588.16,0.00025495,2025-01-04 05:15:29.633133+00:00,SELL,,,
322,590633011,ETH-USD,3588.01,0.28645183,2025-01-04 05:15:14.042233+00:00,SELL,,,
323,590632970,ETH-USD,3587.92,0.01379852,2025-01-04 05:14:59.233781+00:00,SELL,,,
324,590632937,ETH-USD,3587.34,0.00061081,2025-01-04 05:14:44.960929+00:00,SELL,,,
325,590632915,ETH-USD,3587.58,0.00247795,2025-01-04 05:14:28.379885+00:00,SELL,,,
326,590632892,ETH-USD,3587.33,0.02101592,2025-01-04 05:14:13.378823+00:00,SELL,,,
327,590632867,ETH-USD,3587.67,0.58842886,2025-01-04 05:13:58.126673+00:00,BUY,,,
328,590632836,ETH-USD,3587.53,0.0196514,2025-01-04 05:13:43.291429+00:00,SELL,,,
329,2025-01-04T05:13:28.354Z-ETH/USD-3587.71-0.35,ETH-USD,3587.71,0.35,2025-01-04 05:13:28.354000+00:00,UNKNOWN_ORDER_SIDE,,,
330,590632791,ETH-USD,3586.43,0.27883269,2025-01-04 05:13:11.441379+00:00,BUY,,,
331,590632762,ETH-USD,3586.23,0.014012,2025-01-04 05:12:56.736662+00:00,BUY,,,
332,590632733,ETH-USD,3585.99,0.00159037,2025-01-04 05:12:40.953646+00:00,SELL,,,
333,590632705,ETH-USD,3585.6,0.14252033,2025-01-04 05:12:25.254599+00:00,BUY,,,
334,2025-01-04T05:12:10.829Z-ETH/USD-3585.467-2.81,ETH-USD,3585.467,2.81,2025-01-04 05:12:10.829000+00:00,UNKNOWN_ORDER_SIDE,,,
335,590632666,ETH-USD,3585.16,0.02209137,2025-01-04 05:11:55.506440+00:00,SELL,,,
336,590632639,ETH-USD,3585.42,0.00248764,2025-01-04 05:11:40.378199+00:00,SELL,,,
337,590632613,ETH-USD,3585.65,0.05521967,2025-01-04 05:11:24.978668+00:00,SELL,,,
338,590632576,ETH-USD,3585.66,0.21682956,2025-01-04 05:11:09.497375+00:00,SELL,,,
339,590632544,ETH-USD,3585.43,0.06642427,2025-01-04 05:10:53.698075+00:00,SELL,,,
340,590632511,ETH-USD,3585.78,0.02644884,2025-01-04 05:10:36.752536+00:00,SELL,,,
341,2025-01-04T05:10:21.468Z-ETH/USD-3585.09-0.18,ETH-USD,3585.09,0.18,2025-01-04 05:10:21.468000+00:00,UNKNOWN_ORDER_SIDE,,,
342,590632465,ETH-USD,3586.36,0.001248,2025-01-04 05:10:06.853266+00:00,SELL,,,
343,590632437,ETH-USD,3586.35,0.00028479,2025-01-04 05:09:50.624350+00:00,BUY,,,
344,2025-01-04T05:09:35.982Z-ETH/USD-3587.57-1.15,ETH-USD,3587.57,1.15,2025-01-04 05:09:35.982000+00:00,UNKNOWN_ORDER_SIDE,,,
345,590632376,ETH-USD,3586.8,0.02242674,2025-01-04 05:09:19.537016+00:00,SELL,,,
346,2025-01-04T05:09:04.791Z-ETH/USD-3587.444-0.49,ETH-USD,3587.444,0.49,2025-01-04 05:09:04.791000+00:00,UNKNOWN_ORDER_SIDE,,,
347,590632347,ETH-USD,3587.12,0.13799371,2025-01-04 05:08:48.331289+00:00,SELL,,,
348,590632335,ETH-USD,3587.12,0.0029834,2025-01-04 05:08:33.804157+00:00,SELL,,,
349,2025-01-04T05:08:18.559Z-ETH/USD-3587.707-0.94,ETH-USD,3587.707,0.94,2025-01-04 05:08:18.559000+00:00,UNKNOWN_ORDER_SIDE,,,
350,590632309,ETH-USD,3587.01,0.0024043,2025-01-04 05:08:03.039016+00:00,SELL,,,
351,590632284,ETH-USD,3586.89,0.01966878,2025-01-04 05:07:46.193452+00:00,SELL,,,
352,590632248,ETH-USD,3587.06,0.0009616,2025-01-04 05:07:29.462107+00:00,BUY,,,
353,590632223,ETH-USD,3587.77,0.001,2025-01-04 05:07:14.863048+00:00,SELL,,,
354,590632204,ETH-USD,3587.35,0.00290651,2025-01-04 05:06:58.342778+00:00,SELL,,,
355,590632173,ETH-USD,3587.45,0.1305,2025-01-04 05:06:42.225905+00:00,SELL,,,
356,590632153,ETH-USD,3587.58,0.00080493,2025-01-04 05:06:27.707687+00:00,SELL,,,
357,590632125,ETH-USD,3587.33,0.00088331,2025-01-04 05:06:12.538226+00:00,SELL,,,
358,590632108,ETH-USD,3587.56,0.14555017,2025-01-04 05:05:57.436965+00:00,BUY,,,
359,590632083,ETH-USD,3586.87,0.00027051,2025-01-04 05:05:40.261503+00:00,SELL,,,
360,590632054,ETH-USD,3586.22,0.02208436,2025-01-04 05:05:25.353197+00:00,SELL,,,
361,590632027,ETH-USD,3586.25,0.0069013,2025-01-04 05:05:09.399775+00:00,SELL,,,
362,590631993,ETH-USD,3586.27,0.01548221,2025-01-04 05:04:54.867325+00:00,SELL,,,
363,590631977,ETH-USD,3586.29,0.01325319,2025-01-04 05:04:38.441554+00:00,SELL,,,
364,590631954,ETH-USD,3586.5,2,2025-01-04 05:04:23.187562+00:00,BUY,,,
365,590631919,ETH-USD,3587.55,0.00375708,2025-01-04 05:04:08.432993+00:00,BUY,,,
366,590631898,ETH-USD,3587.88,0.11004553,2025-01-04 05:03:51.152064+00:00,SELL,,,
367,590631865,ETH-USD,3587.66,0.00375697,2025-01-04 05:03:36.629961+00:00,BUY,,,
368,590631838,ETH-USD,3587.5,0.0346,2025-01-04 05:03:21.914115+00:00,SELL,,,
369,590631814,ETH-USD,3588.12,0.0000195,2025-01-04 05:03:05.058300+00:00,SELL,,,
370,590631769,ETH-USD,3587.85,0.00374808,2025-01-04 05:02:50.495737+00:00,BUY,,,
371,590631747,ETH-USD,3588.86,0.00177884,2025-01-04 05:02:34.682720+00:00,SELL,,,
372,590631710,ETH-USD,3589.76,0.01413852,2025-01-04 05:02:17.614134+00:00,SELL,,,
373,590631688,ETH-USD,3589.7,0.00374615,2025-01-04 05:02:02.894060+00:00,BUY,,,
374,590631657,ETH-USD,3589.23,0.00744503,2025-01-04 05:01:47.321764+00:00,SELL,,,
375,590631625,ETH-USD,3589.15,0.00054814,2025-01-04 05:01:32.137058+00:00,SELL,,,
376,590631591,ETH-USD,3589.28,0.00041232,2025-01-04 05:01:17.187251+00:00,SELL,,,
377,590631550,ETH-USD,3590.39,0.00324107,2025-01-04 05:01:02.345664+00:00,SELL,,,
378,590631526,ETH-USD,3590.1,0.03962934,2025-01-04 05:00:45.501711+00:00,SELL,,,
379,590631506,ETH-USD,3590.04,0.00278547,2025-01-04 05:00:29.881475+00:00,BUY,,,
380,590631474,ETH-USD,3590.05,0.0197911,2025-01-04 05:00:13.727989+00:00,BUY,,,
381,590631449,ETH-USD,3590.04,0.0037458,2025-01-04 04:59:58.982765+00:00,BUY,,,
382,590631435,ETH-USD,3590.1,0.00033582,2025-01-04 04:59:43.796148+00:00,SELL,,,
383,590631409,ETH-USD,3590.03,0.07926674,2025-01-04 04:59:28.834393+00:00,SELL,,,
384,590631375,ETH-USD,3589.91,0.00374593,2025-01-04 04:59:13.418446+00:00,BUY,,,
385,590631360,ETH-USD,3589.51,0.01392936,2025-01-04 04:58:58.057826+00:00,BUY,,,
386,590631337,ETH-USD,3589.39,0.3508862,2025-01-04 04:58:43.166233+00:00,BUY,,,
387,590631319,ETH-USD,3589.27,0.001,2025-01-04 04:58:28.277577+00:00,SELL,,,
388,590631275,ETH-USD,3588.91,0.00268197,2025-01-04 04:58:13.667044+00:00,SELL,,,
389,590631243,ETH-USD,3588.52,0.00374374,2025-01-04 04:57:57.909562+00:00,BUY,,,
390,590631203,ETH-USD,3588.68,0.00249338,2025-01-04 04:57:41.861423+00:00,SELL,,,
391,590631151,ETH-USD,3588.97,0.00102884,2025-01-04 04:57:26.929277+00:00,SELL,,,
392,590631093,ETH-USD,3588.06,0.02786921,2025-01-04 04:57:11.390670+00:00,BUY,,,
393,590631073,ETH-USD,3587.54,0.0055197,2025-01-04 04:56:55.928601+00:00,SELL,,,
394,590631045,ETH-USD,3587.26,0.00252207,2025-01-04 04:56:39.512819+00:00,SELL,,,
395,590631014,ETH-USD,3587.26,0.01414925,2025-01-04 04:56:24.212380+00:00,SELL,,,
396,590630974,ETH-USD,3586.58,0.02749809,2025-01-04 04:56:09.904371+00:00,SELL,,,
397,590630939,ETH-USD,3586.86,0.00374547,2025-01-04 04:55:54.600464+00:00,BUY,,,
398,590630910,ETH-USD,3586.62,0.0016967,2025-01-04 04:55:39.253577+00:00,SELL,,,
399,590630874,ETH-USD,3587.57,0.00038647,2025-01-04 04:55:24.888101+00:00,SELL,,,
400,590630845,ETH-USD,3587.43,0.00134365,2025-01-04 04:55:09.969401+00:00,SELL,,,
401,590630807,ETH-USD,3587.42,0.00772976,2025-01-04 04:54:54.983961+00:00,SELL,,,
402,590630787,ETH-USD,3587.41,0.0000519,2025-01-04 04:54:39.759449+00:00,SELL,,,
403,2025-01-04T04:54:24.855Z-ETH/USD-3587.501-1.43,ETH-USD,3587.501,1.43,2025-01-04 04:54:24.855000+00:00,UNKNOWN_ORDER_SIDE,,,
404,590630729,ETH-USD,3586.52,0.00290111,2025-01-04 04:54:09.101037+00:00,SELL,,,
405,590630694,ETH-USD,3586.47,0.00374599,2025-01-04 04:53:54.387880+00:00,SELL,,,
406,590630673,ETH-USD,3586.59,0.00002229,2025-01-04 04:53:37.473447+00:00,SELL,,,
407,590630641,ETH-USD,3586.87,0.27871107,2025-01-04 04:53:22.947145+00:00,BUY,,,
408,590630587,ETH-USD,3588.05,0.00039741,2025-01-04 04:53:07.786145+00:00,SELL,,,
409,590630572,ETH-USD,3587.97,0.00372782,2025-01-04 04:52:50.474875+00:00,SELL,,,
410,590630561,ETH-USD,3587.8,0.00717367,2025-01-04 04:52:35.574231+00:00,SELL,,,
411,590630546,ETH-USD,3587.78,0.00275915,2025-01-04 04:52:20.539503+00:00,SELL,,,
412,590630516,ETH-USD,3587.81,0.00374298,2025-01-04 04:52:05.408800+00:00,BUY,,,
413,590630498,ETH-USD,3587.66,0.06771372,2025-01-04 04:51:48.990770+00:00,SELL,,,
414,590630476,ETH-USD,3588.26,0.00001965,2025-01-04 04:51:33.230599+00:00,SELL,,,
415,590630455,ETH-USD,3587.91,0.00510791,2025-01-04 04:51:18.181862+00:00,SELL,,,
416,590630418,ETH-USD,3587.56,0.00214874,2025-01-04 04:51:03.499441+00:00,SELL,,,
417,590630376,ETH-USD,3587.94,0.75585222,2025-01-04 04:50:48.248555+00:00,BUY,,,
418,590630361,ETH-USD,3588.14,0.00108355,2025-01-04 04:50:33.055273+00:00,SELL,,,
419,590630329,ETH-USD,3587.94,0.00075712,2025-01-04 04:50:18.397746+00:00,SELL,,,
420,590630296,ETH-USD,3587.58,0.00128851,2025-01-04 04:50:03.259290+00:00,SELL,,,
421,590630257,ETH-USD,3587.45,0.00146384,2025-01-04 04:49:48.266996+00:00,SELL,,,
422,590630233,ETH-USD,3587.41,0.0278664,2025-01-04 04:49:33.501011+00:00,BUY,,,
423,590630206,ETH-USD,3587.15,0.00087488,2025-01-04 04:49:18.118198+00:00,SELL,,,
424,590630176,ETH-USD,3587.66,0.00016438,2025-01-04 04:49:00.194612+00:00,SELL,,,
425,590630147,ETH-USD,3587.66,0.00004184,2025-01-04 04:48:44.110048+00:00,BUY,,,
426,590630134,ETH-USD,3587.74,0.05519425,2025-01-04 04:48:27.643632+00:00,SELL,,,
427,590630102,ETH-USD,3587.74,0.00069547,2025-01-04 04:48:12.709480+00:00,SELL,,,
428,590630077,ETH-USD,3587.33,0.02656566,2025-01-04 04:47:57.988349+00:00,SELL,,,
429,2025-01-04T04:47:41.518Z-ETH/USD-3587.657-0.2,ETH-USD,3587.657,0.2,2025-01-04 04:47:41.518000+00:00,UNKNOWN_ORDER_SIDE,,,
430,590630028,ETH-USD,3586.88,0.01322385,2025-01-04 04:47:26.903374+00:00,SELL,,,
431,590629994,ETH-USD,3586.6,0.53999,2025-01-04 04:47:10.488509+00:00,BUY,,,
432,590629970,ETH-USD,3585.29,0.00070724,2025-01-04 04:46:55.411969+00:00,BUY,,,
433,590629914,ETH-USD,3586.76,0.0063479,2025-01-04 04:46:40.189555+00:00,SELL,,,
434,590629896,ETH-USD,3586.75,0.09855363,2025-01-04 04:46:25.441242+00:00,BUY,,,
435,590629885,ETH-USD,3586.76,0.0037368,2025-01-04 04:46:07.289937+00:00,BUY,,,
436,590629875,ETH-USD,3586.93,0.00013939,2025-01-04 04:45:52.706648+00:00,SELL,,,
437,590629855,ETH-USD,3587.12,0.001,2025-01-04 04:45:37.546539+00:00,BUY,,,
438,590629819,ETH-USD,3587.57,0.00373595,2025-01-04 04:45:22.886663+00:00,BUY,,,
439,590629799,ETH-USD,3588.19,0.008,2025-01-04 04:45:07.707428+00:00,SELL,,,
440,590629767,ETH-USD,3588.85,0.00078143,2025-01-04 04:44:51.313357+00:00,SELL,,,
441,2025-01-04T04:44:35.421Z-ETH/USD-3589.06-1.76,ETH-USD,3589.06,1.76,2025-01-04 04:44:35.421000+00:00,UNKNOWN_ORDER_SIDE,,,
442,590629697,ETH-USD,3588.49,0.003735,2025-01-04 04:44:20.587749+00:00,BUY,,,
443,590629659,ETH-USD,3588.47,0.00373502,2025-01-04 04:44:04.891555+00:00,BUY,,,
444,590629630,ETH-USD,3588.41,0.0333,2025-01-04 04:43:49.023461+00:00,SELL,,,
445,590629601,ETH-USD,3588.57,0.01322069,2025-01-04 04:43:33.264151+00:00,SELL,,,
446,2025-01-04T04:43:18.964Z-ETH/USD-3587.174-2.76,ETH-USD,3587.174,2.76,2025-01-04 04:43:18.964000+00:00,UNKNOWN_ORDER_SIDE,,,
447,590629552,ETH-USD,3586.7,0.13801774,2025-01-04 04:43:02.873276+00:00,SELL,,,
448,590629531,ETH-USD,3586.38,0.01324999,2025-01-04 04:42:47.767945+00:00,SELL,,,
449,590629501,ETH-USD,3586.28,0.001,2025-01-04 04:42:32.804550+00:00,SELL,,,
450,590629421,ETH-USD,3585.95,0.00152395,2025-01-04 04:42:17.645658+00:00,SELL,,,
451,590629398,ETH-USD,3585.95,0.01325093,2025-01-04 04:42:01.582734+00:00,SELL,,,
452,590629359,ETH-USD,3586.53,0.00176505,2025-01-04 04:41:45.547197+00:00,SELL,,,
453,590629320,ETH-USD,3586.43,0.01150109,2025-01-04 04:41:28.398725+00:00,BUY,,,
454,2025-01-04T04:41:12.846Z-ETH/USD-3586.063-0.34,ETH-USD,3586.063,0.34,2025-01-04 04:41:12.846000+00:00,UNKNOWN_ORDER_SIDE,,,
455,590629270,ETH-USD,3585.08,0.00398022,2025-01-04 04:40:55.868033+00:00,SELL,,,
456,590629238,ETH-USD,3585.32,0.00031274,2025-01-04 04:40:40.826140+00:00,SELL,,,
457,2025-01-04T04:40:25.076Z-ETH/USD-3584.697-2.02,ETH-USD,3584.697,2.02,2025-01-04 04:40:25.076000+00:00,UNKNOWN_ORDER_SIDE,,,
458,590629174,ETH-USD,3584.02,0.01395054,2025-01-04 04:40:10.398524+00:00,BUY,,,
459,590629145,ETH-USD,3584.06,0.05950571,2025-01-04 04:39:55.780283+00:00,SELL,,,
460,590629100,ETH-USD,3584.55,0.13229163,2025-01-04 04:39:39.932216+00:00,SELL,,,
461,590629075,ETH-USD,3584.84,0.00039769,2025-01-04 04:39:24.622151+00:00,SELL,,,
462,590629042,ETH-USD,3583.96,0.00067541,2025-01-04 04:39:09.029489+00:00,BUY,,,
463,590629010,ETH-USD,3583.27,0.00191219,2025-01-04 04:38:52.600009+00:00,SELL,,,
464,590628988,ETH-USD,3583.57,0.05621446,2025-01-04 04:38:37.535710+00:00,SELL,,,
465,590628952,ETH-USD,3583.09,0.00003296,2025-01-04 04:38:22.404954+00:00,BUY,,,
466,590628918,ETH-USD,3583.63,0.00373604,2025-01-04 04:38:07.367897+00:00,SELL,,,
467,590628894,ETH-USD,3583.71,0.00203116,2025-01-04 04:37:52.674563+00:00,SELL,,,
468,590628870,ETH-USD,3583.9,0.02761576,2025-01-04 04:37:35.855150+00:00,SELL,,,
469,590628837,ETH-USD,3584.46,0.00038762,2025-01-04 04:37:19.416030+00:00,SELL,,,
470,590628814,ETH-USD,3583.46,0.05662999,2025-01-04 04:37:04.056484+00:00,SELL,,,
471,590628796,ETH-USD,3583.54,0.01362503,2025-01-04 04:36:48.174727+00:00,SELL,,,
472,590628763,ETH-USD,3584.77,0.00083876,2025-01-04 04:36:32.982268+00:00,SELL,,,
473,590628723,ETH-USD,3585.26,0.25724776,2025-01-04 04:36:17.515619+00:00,BUY,,,
474,590628708,ETH-USD,3585.5,0.05278058,2025-01-04 04:36:02.894507+00:00,SELL,,,
475,590628680,ETH-USD,3585.91,0.00339304,2025-01-04 04:35:47.059632+00:00,SELL,,,
476,590628651,ETH-USD,3585.91,0.00087138,2025-01-04 04:35:31.595240+00:00,SELL,,,
477,590628626,ETH-USD,3585.89,0.02725986,2025-01-04 04:35:16.281262+00:00,SELL,,,
478,590628584,ETH-USD,3586.56,0.00145528,2025-01-04 04:34:58.459817+00:00,SELL,,,
479,590628565,ETH-USD,3585.26,0.56567724,2025-01-04 04:34:41.606977+00:00,SELL,,,
480,590628536,ETH-USD,3584.16,0.00109539,2025-01-04 04:34:26.865402+00:00,SELL,,,
481,590628504,ETH-USD,3584.38,0.02785418,2025-01-04 04:34:11.397320+00:00,BUY,,,
482,590628481,ETH-USD,3584.2,0.00008766,2025-01-04 04:33:56.191428+00:00,SELL,,,
483,590628446,ETH-USD,3584.39,0.0015559,2025-01-04 04:33:41.061364+00:00,SELL,,,
484,590628405,ETH-USD,3584.96,0.5,2025-01-04 04:33:25.619414+00:00,SELL,,,
485,590628354,ETH-USD,3585.23,0.00105456,2025-01-04 04:33:09.793414+00:00,SELL,,,
486,590628323,ETH-USD,3583.86,0.02071696,2025-01-04 04:32:52.526765+00:00,SELL,,,
487,590628305,ETH-USD,3583.86,0.00374101,2025-01-04 04:32:35.997896+00:00,BUY,,,
488,590628267,ETH-USD,3583.03,0.00138112,2025-01-04 04:32:20.848253+00:00,SELL,,,
489,590628222,ETH-USD,3584.15,0.0000279,2025-01-04 04:32:03.527820+00:00,SELL,,,
490,590628200,ETH-USD,3584.56,0.00374032,2025-01-04 04:31:47.012747+00:00,SELL,,,
491,590628180,ETH-USD,3584.75,0.00138059,2025-01-04 04:31:32.704882+00:00,SELL,,,
492,590628137,ETH-USD,3585.12,0.001,2025-01-04 04:31:17.926077+00:00,BUY,,,
493,590628107,ETH-USD,3585.11,0.28713602,2025-01-04 04:31:02.061559+00:00,SELL,,,
494,590628071,ETH-USD,3585.14,0.00373992,2025-01-04 04:30:47.623115+00:00,SELL,,,
495,590628042,ETH-USD,3585.25,0.001,2025-01-04 04:30:32.342996+00:00,BUY,,,
496,590627996,ETH-USD,3586.93,0.00030936,2025-01-04 04:30:17.554205+00:00,SELL,,,
497,590627949,ETH-USD,3586.56,0.00000278,2025-01-04 04:30:02.422590+00:00,SELL,,,
498,590627896,ETH-USD,3586.76,0.00373799,2025-01-04 04:29:47.113603+00:00,BUY,,,
499,590627860,ETH-USD,3587.22,0.002,2025-01-04 04:29:32.520210+00:00,SELL,,,
500,590627837,ETH-USD,3587.15,0.00373758,2025-01-04 04:29:17.580691+00:00,SELL,,,
501,590627790,ETH-USD,3587.4,0.02643359,2025-01-04 04:28:59.121942+00:00,SELL,,,
502,590627722,ETH-USD,3588.18,0.0027998,2025-01-04 04:28:44.811494+00:00,BUY,,,
503,590627698,ETH-USD,3588.31,0.01352384,2025-01-04 04:28:29.082603+00:00,SELL,,,
504,590627679,ETH-USD,3587.19,0.00008665,2025-01-04 04:28:14.480059+00:00,BUY,,,
505,590627642,ETH-USD,3587.14,0.00772707,2025-01-04 04:27:53.636994+00:00,SELL,,,
506,590627580,ETH-USD,3588.63,0.00373671,2025-01-04 04:27:38.907919+00:00,BUY,,,
507,590627539,ETH-USD,3589.23,0.0309537,2025-01-04 04:27:19.933800+00:00,BUY,,,
508,590627464,ETH-USD,3590.01,0.0005061,2025-01-04 04:27:04.438394+00:00,SELL,,,
509,590627427,ETH-USD,3589.49,0.00808049,2025-01-04 04:26:47.560506+00:00,BUY,,,
510,590627399,ETH-USD,3588.87,0.35623174,2025-01-04 04:26:32.947645+00:00,SELL,,,
511,590627382,ETH-USD,3588.87,0.0123,2025-01-04 04:26:17.437547+00:00,SELL,,,
512,590627365,ETH-USD,3588.87,0.00203271,2025-01-04 04:26:02.800252+00:00,SELL,,,
513,590627338,ETH-USD,3588.89,0.00013932,2025-01-04 04:25:46.880226+00:00,SELL,,,
514,590627315,ETH-USD,3588.85,0.00372569,2025-01-04 04:25:27.997398+00:00,SELL,,,
515,590627276,ETH-USD,3590.21,0.00150348,2025-01-04 04:25:11.823368+00:00,SELL,,,
516,590627250,ETH-USD,3590.1,0.00028212,2025-01-04 04:24:56.784690+00:00,SELL,,,
517,590627230,ETH-USD,3590.1,0.00031684,2025-01-04 04:24:39.820125+00:00,SELL,,,
518,590627167,ETH-USD,3589.15,0.27072749,2025-01-04 04:24:23.458330+00:00,SELL,,,
519,590627133,ETH-USD,3589.28,0.00245167,2025-01-04 04:24:08.441393+00:00,SELL,,,
520,590627098,ETH-USD,3589.11,0.00372618,2025-01-04 04:23:53.613423+00:00,SELL,,,
521,590627074,ETH-USD,3589.43,1.35294496,2025-01-04 04:23:37.666100+00:00,SELL,,,
522,590627051,ETH-USD,3589.31,0.00043579,2025-01-04 04:23:21.500963+00:00,SELL,,,
523,590627016,ETH-USD,3589.74,0.0013525,2025-01-04 04:23:06.362134+00:00,SELL,,,
524,590626996,ETH-USD,3590.1,0.01096967,2025-01-04 04:22:50.945937+00:00,SELL,,,
525,590626979,ETH-USD,3589.95,0.00689436,2025-01-04 04:22:35.443152+00:00,SELL,,,
526,590626949,ETH-USD,3589.95,0.00018853,2025-01-04 04:22:18.430166+00:00,BUY,,,
527,590626913,ETH-USD,3590.47,0.08271322,2025-01-04 04:22:02.669258+00:00,SELL,,,
528,590626883,ETH-USD,3590.32,0.00048897,2025-01-04 04:21:47.253521+00:00,SELL,,,
529,590626859,ETH-USD,3590.49,0.0008877,2025-01-04 04:21:32.579658+00:00,SELL,,,
530,590626821,ETH-USD,3590.87,0.00081869,2025-01-04 04:21:17.222903+00:00,SELL,,,
531,590626795,ETH-USD,3590.72,0.00087386,2025-01-04 04:21:01.367321+00:00,SELL,,,
532,590626765,ETH-USD,3590.34,0.00056792,2025-01-04 04:20:46.454137+00:00,BUY,,,
533,590626720,ETH-USD,3590.52,0.00604898,2025-01-04 04:20:30.968197+00:00,BUY,,,
534,590626704,ETH-USD,3590.1,0.00372195,2025-01-04 04:20:15.974117+00:00,SELL,,,
535,590626688,ETH-USD,3589.85,0.00012,2025-01-04 04:20:00.258888+00:00,SELL,,,
536,590626662,ETH-USD,3589.89,0.08201784,2025-01-04 04:19:45.556876+00:00,BUY,,,
537,590626633,ETH-USD,3589.9,0.00007518,2025-01-04 04:19:28.220137+00:00,SELL,,,
538,590626608,ETH-USD,3589.99,0.00693835,2025-01-04 04:19:13.783770+00:00,SELL,,,
539,590626588,ETH-USD,3590.37,0.25120224,2025-01-04 04:18:57.424368+00:00,SELL,,,
540,590626545,ETH-USD,3590.65,0.01323713,2025-01-04 04:18:42.902062+00:00,SELL,,,
541,590626513,ETH-USD,3591.18,0.00744286,2025-01-04 04:18:27.493653+00:00,SELL,,,
542,590626490,ETH-USD,3591.52,0.001,2025-01-04 04:18:12.410831+00:00,SELL,,,
543,590626454,ETH-USD,3591.44,0.0541039,2025-01-04 04:17:57.564137+00:00,SELL,,,
544,590626422,ETH-USD,3591.37,0.02640731,2025-01-04 04:17:42.931941+00:00,SELL,,,
545,590626392,ETH-USD,3591.85,0.00102842,2025-01-04 04:17:27.465788+00:00,SELL,,,
546,590626362,ETH-USD,3591.86,0.012708,2025-01-04 04:17:12.927032+00:00,SELL,,,
547,590626334,ETH-USD,3592.05,0.00093162,2025-01-04 04:16:57.868334+00:00,BUY,,,
548,590626303,ETH-USD,3591.94,0.00275622,2025-01-04 04:16:42.556232+00:00,SELL,,,
549,590626273,ETH-USD,3591.75,0.01653781,2025-01-04 04:16:27.296556+00:00,SELL,,,
550,590626241,ETH-USD,3591.72,0.03536088,2025-01-04 04:16:12.557818+00:00,BUY,,,
551,590626225,ETH-USD,3591.46,0.08353916,2025-01-04 04:15:57.768739+00:00,BUY,,,
552,590626139,ETH-USD,3590.54,0.02641806,2025-01-04 04:15:42.953059+00:00,SELL,,,
553,590626102,ETH-USD,3590.4,0.00042915,2025-01-04 04:15:27.736223+00:00,BUY,,,
554,590626073,ETH-USD,3590.72,0.00191894,2025-01-04 04:15:12.870248+00:00,BUY,,,
555,590626002,ETH-USD,3590.19,0.09444701,2025-01-04 04:14:57.761928+00:00,SELL,,,
556,590625977,ETH-USD,3590.12,0.27067986,2025-01-04 04:14:42.096032+00:00,SELL,,,
557,590625950,ETH-USD,3590.26,0.6767082,2025-01-04 04:14:26.104231+00:00,SELL,,,
558,590625931,ETH-USD,3589.8,0.00427905,2025-01-04 04:14:11.647256+00:00,SELL,,,
559,590625912,ETH-USD,3588.39,0.00048683,2025-01-04 04:13:55.608013+00:00,SELL,,,
560,590625878,ETH-USD,3589.12,0.115,2025-01-04 04:13:39.706070+00:00,BUY,,,
561,2025-01-04T04:13:23.83Z-ETH/USD-3589.155-0.04,ETH-USD,3589.155,0.04,2025-01-04 04:13:23.830000+00:00,UNKNOWN_ORDER_SIDE,,,
562,590625830,ETH-USD,3588.4,0.0012063,2025-01-04 04:13:08.771910+00:00,BUY,,,
563,590625808,ETH-USD,3588.64,0.00003899,2025-01-04 04:12:52.998021+00:00,SELL,,,
564,590625773,ETH-USD,3590.14,0.00095324,2025-01-04 04:12:36.921195+00:00,SELL,,,
565,590625720,ETH-USD,3590.32,0.0015732,2025-01-04 04:12:21.751808+00:00,SELL,,,
566,590625690,ETH-USD,3589.81,0.00010859,2025-01-04 04:12:06.989530+00:00,SELL,,,
567,590625656,ETH-USD,3589.18,0.27862837,2025-01-04 04:11:49.703573+00:00,BUY,,,
568,590625617,ETH-USD,3588.27,0.01048692,2025-01-04 04:11:34.641608+00:00,SELL,,,
569,590625584,ETH-USD,3588.26,0.235372,2025-01-04 04:11:18.472023+00:00,SELL,,,
570,590625560,ETH-USD,3588.22,0.2412431,2025-01-04 04:11:00.581628+00:00,BUY,,,
571,590625524,ETH-USD,3588.13,0.00055995,2025-01-04 04:10:44.936308+00:00,SELL,,,
572,590625499,ETH-USD,3587.69,0.00248609,2025-01-04 04:10:29.511716+00:00,SELL,,,
573,590625460,ETH-USD,3588.28,0.001,2025-01-04 04:10:14.644623+00:00,SELL,,,
574,590625443,ETH-USD,3587.85,0.08099669,2025-01-04 04:09:59.916485+00:00,BUY,,,
575,590625423,ETH-USD,3587.76,0.00373431,2025-01-04 04:09:44.948925+00:00,BUY,,,
576,590625387,ETH-USD,3588.81,0.0016745,2025-01-04 04:09:29.741014+00:00,SELL,,,
577,590625351,ETH-USD,3588.69,0.00013935,2025-01-04 04:09:13.943068+00:00,SELL,,,
578,590625320,ETH-USD,3586.65,0.08293674,2025-01-04 04:08:58.198614+00:00,SELL,,,
579,590625284,ETH-USD,3587.14,0.01027226,2025-01-04 04:08:42.968066+00:00,SELL,,,
580,590625255,ETH-USD,3587.06,0.00373501,2025-01-04 04:08:27.845083+00:00,SELL,,,
581,590625203,ETH-USD,3587.57,0.02656285,2025-01-04 04:08:11.985767+00:00,SELL,,,
582,590625182,ETH-USD,3587.62,0.0037343,2025-01-04 04:07:54.669753+00:00,SELL,,,
583,590625143,ETH-USD,3587.71,0.00133458,2025-01-04 04:07:39.915459+00:00,SELL,,,
584,590625117,ETH-USD,3587.63,0.01324635,2025-01-04 04:07:24.863210+00:00,SELL,,,
585,590625080,ETH-USD,3588.14,0.00000557,2025-01-04 04:07:08.337479+00:00,SELL,,,
586,590625002,ETH-USD,3588.09,0.00275883,2025-01-04 04:06:52.842105+00:00,SELL,,,
587,590624976,ETH-USD,3589.26,0.02786075,2025-01-04 04:06:37.534945+00:00,BUY,,,
588,590624954,ETH-USD,3590.25,0.00131831,2025-01-04 04:06:22.983350+00:00,SELL,,,
589,590624892,ETH-USD,3589.48,0.04624923,2025-01-04 04:06:06.756976+00:00,SELL,,,
590,590624861,ETH-USD,3588.68,0.00309597,2025-01-04 04:05:51.325330+00:00,BUY,,,
591,590624842,ETH-USD,3588.64,0.03359204,2025-01-04 04:05:36.088394+00:00,BUY,,,
592,590624816,ETH-USD,3588.83,0.00373804,2025-01-04 04:05:21.131126+00:00,SELL,,,
593,590624770,ETH-USD,3587.71,0.0051085,2025-01-04 04:05:06.482450+00:00,SELL,,,
594,590624742,ETH-USD,3587.13,0.00373967,2025-01-04 04:04:51.957634+00:00,BUY,,,
595,590624640,ETH-USD,3588.86,0.00373786,2025-01-04 04:04:36.937844+00:00,BUY,,,
596,590624602,ETH-USD,3589.89,0.0029123,2025-01-04 04:04:21.512158+00:00,BUY,,,
597,590624564,ETH-USD,3590.16,0.00161721,2025-01-04 04:04:06.300727+00:00,SELL,,,
598,590624520,ETH-USD,3590.55,0.00137737,2025-01-04 04:03:51.530671+00:00,SELL,,,
599,590624491,ETH-USD,3590.63,0.00058397,2025-01-04 04:03:35.360490+00:00,SELL,,,
600,590624440,ETH-USD,3591.04,0.00101728,2025-01-04 04:03:20.513414+00:00,SELL,,,
601,590624419,ETH-USD,3591.04,0.01320335,2025-01-04 04:03:04.926852+00:00,SELL,,,
602,590624390,ETH-USD,3591.66,0.00233819,2025-01-04 04:02:49.847669+00:00,SELL,,,
603,590624371,ETH-USD,3592.07,0.00014693,2025-01-04 04:02:34.971257+00:00,SELL,,,
604,590624333,ETH-USD,3591.18,0.13499372,2025-01-04 04:02:19.094754+00:00,SELL,,,
605,590624284,ETH-USD,3591.69,0.02771797,2025-01-04 04:02:04.992184+00:00,SELL,,,
606,590624242,ETH-USD,3592.83,0.00270356,2025-01-04 04:01:49.777265+00:00,SELL,,,
607,590624211,ETH-USD,3593.52,0.01319589,2025-01-04 04:01:32.121649+00:00,SELL,,,
608,590624169,ETH-USD,3593.62,0.06151998,2025-01-04 04:01:17.458764+00:00,BUY,,,
609,590624149,ETH-USD,3593.66,0.00372119,2025-01-04 04:01:02.378877+00:00,SELL,,,
610,590624113,ETH-USD,3594.36,0.04173135,2025-01-04 04:00:47.529792+00:00,BUY,,,
611,590624092,ETH-USD,3594.69,0.00175299,2025-01-04 04:00:32.970687+00:00,SELL,,,
612,590623988,ETH-USD,3594.18,0.00374354,2025-01-04 04:00:17.447947+00:00,SELL,,,
613,590623938,ETH-USD,3596.3,0.00367183,2025-01-04 04:00:02.888852+00:00,SELL,,,
614,590623899,ETH-USD,3596.46,0.001,2025-01-04 03:59:46.926524+00:00,SELL,,,
615,590623872,ETH-USD,3596.76,0.00332117,2025-01-04 03:59:31.380313+00:00,SELL,,,
616,590623837,ETH-USD,3596.63,0.01376212,2025-01-04 03:59:15.784279+00:00,SELL,,,
617,590623799,ETH-USD,3596.37,0.08254185,2025-01-04 03:59:00.199149+00:00,BUY,,,
618,590623755,ETH-USD,3596.82,0.00190968,2025-01-04 03:58:45.836899+00:00,SELL,,,
619,590623726,ETH-USD,3595.82,0.0023469,2025-01-04 03:58:30.533423+00:00,BUY,,,
620,590623685,ETH-USD,3595.86,0.00038102,2025-01-04 03:58:15.422901+00:00,SELL,,,
621,590623648,ETH-USD,3596.56,0.000758,2025-01-04 03:57:59.398186+00:00,SELL,,,
622,590623596,ETH-USD,3595.49,0.00375493,2025-01-04 03:57:42.288910+00:00,BUY,,,
623,590623574,ETH-USD,3596.2,0.25021851,2025-01-04 03:57:26.843004+00:00,BUY,,,
624,590623547,ETH-USD,3596.21,0.00375417,2025-01-04 03:57:11.992842+00:00,BUY,,,
625,590623505,ETH-USD,3596.87,0.00647221,2025-01-04 03:56:56.501618+00:00,SELL,,,
626,590623454,ETH-USD,3595.51,0.00936413,2025-01-04 03:56:40.519732+00:00,SELL,,,
627,590623429,ETH-USD,3595.4,0.00114641,2025-01-04 03:56:24.868075+00:00,SELL,,,
628,590623401,ETH-USD,3595.43,0.00158398,2025-01-04 03:56:09.592293+00:00,BUY,,,
629,590623366,ETH-USD,3595.4,0.00375502,2025-01-04 03:55:52.973364+00:00,BUY,,,
630,590623334,ETH-USD,3594.36,0.00045667,2025-01-04 03:55:35.769865+00:00,BUY,,,
631,590623305,ETH-USD,3594.46,0.00110428,2025-01-04 03:55:20.556550+00:00,SELL,,,
632,590623279,ETH-USD,3595.0,0.61859147,2025-01-04 03:55:00.286117+00:00,BUY,,,
633,590623245,ETH-USD,3595.03,0.00231854,2025-01-04 03:54:45.933123+00:00,SELL,,,
634,590623212,ETH-USD,3595.39,0.00225192,2025-01-04 03:54:30.615749+00:00,BUY,,,
635,590623179,ETH-USD,3595.58,0.1695464,2025-01-04 03:54:15.860220+00:00,BUY,,,
636,590623123,ETH-USD,3594.43,0.00045019,2025-01-04 03:53:59.654726+00:00,BUY,,,
637,590623089,ETH-USD,3593.88,0.00261314,2025-01-04 03:53:43.394979+00:00,SELL,,,
638,590623054,ETH-USD,3593.71,0.0193,2025-01-04 03:53:26.631215+00:00,SELL,,,
639,590623031,ETH-USD,3593.6,0.00027824,2025-01-04 03:53:11.540681+00:00,SELL,,,
640,590622988,ETH-USD,3593.82,0.00375667,2025-01-04 03:52:55.923938+00:00,BUY,,,
641,590622958,ETH-USD,3593.54,0.00434458,2025-01-04 03:52:38.779862+00:00,SELL,,,
642,387021887,ETH-USD,3594.0,0.0253,2025-01-04 03:52:23.948000+00:00,SELL,,,
643,590622884,ETH-USD,3594.22,0.00208996,2025-01-04 03:52:07.359080+00:00,SELL,,,
644,590622853,ETH-USD,3594.93,0.13513743,2025-01-04 03:51:50.788492+00:00,SELL,,,
645,590622789,ETH-USD,3595.2,0.001,2025-01-04 03:51:34.462528+00:00,BUY,,,
646,590622755,ETH-USD,3595.65,0.00027808,2025-01-04 03:51:17.431843+00:00,SELL,,,
647,590622725,ETH-USD,3594.9,0.06757867,2025-01-04 03:51:02.079459+00:00,SELL,,,
648,590622692,ETH-USD,3595.0,1.64065122,2025-01-04 03:50:47.918712+00:00,BUY,,,
649,590622656,ETH-USD,3594.83,0.19067336,2025-01-04 03:50:32.266685+00:00,SELL,,,
650,590622637,ETH-USD,3594.55,0.00315302,2025-01-04 03:50:17.424427+00:00,SELL,,,
651,590622593,ETH-USD,3594.1,0.00005284,2025-01-04 03:50:00.726703+00:00,SELL,,,
652,590622551,ETH-USD,3594.09,0.01349697,2025-01-04 03:49:45.945454+00:00,SELL,,,
653,590622499,ETH-USD,3594.52,0.11017475,2025-01-04 03:49:30.155262+00:00,SELL,,,
654,590622467,ETH-USD,3594.77,0.092,2025-01-04 03:49:15.985507+00:00,BUY,,,
655,590622436,ETH-USD,3594.28,0.00377196,2025-01-04 03:49:00.258216+00:00,BUY,,,
656,590622367,ETH-USD,3592.99,0.02766802,2025-01-04 03:48:44.131184+00:00,SELL,,,
657,590622322,ETH-USD,3594.12,0.00377213,2025-01-04 03:48:28.644628+00:00,BUY,,,
658,590622295,ETH-USD,3594.3,0.16222085,2025-01-04 03:48:13.800593+00:00,SELL,,,
659,590622260,ETH-USD,3594.12,0.00914898,2025-01-04 03:47:58.330388+00:00,BUY,,,
660,590622231,ETH-USD,3594.25,0.00137709,2025-01-04 03:47:43.936733+00:00,SELL,,,
661,590622186,ETH-USD,3594.94,0.00248127,2025-01-04 03:47:28.956739+00:00,SELL,,,
662,590622155,ETH-USD,3594.96,0.00379248,2025-01-04 03:47:12.944680+00:00,BUY,,,
663,590622105,ETH-USD,3595.83,0.00107558,2025-01-04 03:46:57.898197+00:00,SELL,,,
664,590622075,ETH-USD,3595.27,0.03304011,2025-01-04 03:46:42.052337+00:00,SELL,,,
665,590622047,ETH-USD,3595.62,0.06883356,2025-01-04 03:46:27.391660+00:00,SELL,,,
666,590622022,ETH-USD,3595.91,0.02190343,2025-01-04 03:46:11.959556+00:00,SELL,,,
667,590621980,ETH-USD,3595.88,0.00556191,2025-01-04 03:45:56.601791+00:00,BUY,,,
668,590621960,ETH-USD,3595.89,0.07431379,2025-01-04 03:45:41.721404+00:00,SELL,,,
669,590621919,ETH-USD,3596.91,0.292625,2025-01-04 03:45:26.832087+00:00,SELL,,,
670,590621885,ETH-USD,3595.92,0.01321773,2025-01-04 03:45:11.405064+00:00,SELL,,,
671,590621862,ETH-USD,3595.91,0.03476,2025-01-04 03:44:56.793629+00:00,BUY,,,
672,590621833,ETH-USD,3595.86,0.00093209,2025-01-04 03:44:41.783195+00:00,BUY,,,
673,590621773,ETH-USD,3596.18,0.01321556,2025-01-04 03:44:26.846143+00:00,SELL,,,
674,590621723,ETH-USD,3596.51,0.08106534,2025-01-04 03:44:11.579877+00:00,SELL,,,
675,590621690,ETH-USD,3596.16,0.18464919,2025-01-04 03:43:56.870143+00:00,BUY,,,
676,590621638,ETH-USD,3595.58,0.64589901,2025-01-04 03:43:40.613215+00:00,SELL,,,
677,590621618,ETH-USD,3595.39,0.01439831,2025-01-04 03:43:25.306109+00:00,SELL,,,
678,590621585,ETH-USD,3595.36,0.00123717,2025-01-04 03:43:10.086905+00:00,SELL,,,
679,590621571,ETH-USD,3595.36,0.04853406,2025-01-04 03:42:55.563257+00:00,SELL,,,
680,590621550,ETH-USD,3595.23,0.014,2025-01-04 03:42:38.736683+00:00,BUY,,,
681,590621524,ETH-USD,3594.61,0.00228233,2025-01-04 03:42:23.459632+00:00,SELL,,,
682,590621496,ETH-USD,3594.41,0.00045042,2025-01-04 03:42:08.687105+00:00,BUY,,,
683,590621473,ETH-USD,3594.3,0.00647638,2025-01-04 03:41:53.400437+00:00,SELL,,,
684,590621452,ETH-USD,3593.91,0.00250423,2025-01-04 03:41:37.428734+00:00,BUY,,,
685,590621443,ETH-USD,3593.78,0.02238518,2025-01-04 03:41:22.630186+00:00,SELL,,,
686,590621411,ETH-USD,3593.77,0.49611228,2025-01-04 03:41:07.653382+00:00,BUY,,,
687,590621394,ETH-USD,3593.78,0.00083846,2025-01-04 03:40:52.171535+00:00,SELL,,,
688,590621361,ETH-USD,3593.58,0.00380828,2025-01-04 03:40:36.988629+00:00,SELL,,,
689,590621328,ETH-USD,3593.44,0.00043305,2025-01-04 03:40:21.686275+00:00,BUY,,,
690,590621301,ETH-USD,3594.29,0.26486,2025-01-04 03:40:06.956445+00:00,BUY,,,
691,590621249,ETH-USD,3595.28,0.0001097,2025-01-04 03:39:51.977888+00:00,BUY,,,
692,590621205,ETH-USD,3595.49,0.00349727,2025-01-04 03:39:36.103264+00:00,SELL,,,
693,590621173,ETH-USD,3595.3,0.00380659,2025-01-04 03:39:21.614330+00:00,BUY,,,
694,590621136,ETH-USD,3595.47,0.00380641,2025-01-04 03:39:06.751659+00:00,BUY,,,
695,590621077,ETH-USD,3596.39,0.00280235,2025-01-04 03:38:51.895876+00:00,SELL,,,
696,590621047,ETH-USD,3596.58,0.00564598,2025-01-04 03:38:36.861743+00:00,SELL,,,
697,590621018,ETH-USD,3596.28,0.00020576,2025-01-04 03:38:20.482927+00:00,SELL,,,
698,590620981,ETH-USD,3596.33,0.05933633,2025-01-04 03:38:05.262965+00:00,SELL,,,
699,590620954,ETH-USD,3596.48,0.14164417,2025-01-04 03:37:50.620800+00:00,SELL,,,
700,590620924,ETH-USD,3596.73,0.001,2025-01-04 03:37:35.709789+00:00,BUY,,,
701,590620890,ETH-USD,3597.67,0.00247902,2025-01-04 03:37:20.863915+00:00,SELL,,,
702,590620855,ETH-USD,3597.48,0.13841984,2025-01-04 03:37:04.974570+00:00,SELL,,,
703,590620810,ETH-USD,3597.87,0.001,2025-01-04 03:36:48.556568+00:00,SELL,,,
704,590620781,ETH-USD,3596.21,0.00260079,2025-01-04 03:36:32.544548+00:00,SELL,,,
705,590620742,ETH-USD,3596.3,0.6,2025-01-04 03:36:16.725089+00:00,BUY,,,
706,590620705,ETH-USD,3595.96,0.00043611,2025-01-04 03:36:01.592058+00:00,SELL,,,
707,590620666,ETH-USD,3595.65,0.0094,2025-01-04 03:35:45.817879+00:00,SELL,,,
708,590620638,ETH-USD,3595.12,0.0034115,2025-01-04 03:35:30.155356+00:00,SELL,,,
709,590620609,ETH-USD,3595.05,0.00380352,2025-01-04 03:35:15.711774+00:00,SELL,,,
710,590620571,ETH-USD,3594.3,0.02954328,2025-01-04 03:35:00.232924+00:00,SELL,,,
711,590620540,ETH-USD,3594.35,0.05405634,2025-01-04 03:34:45.913161+00:00,SELL,,,
712,590620509,ETH-USD,3594.42,0.00380382,2025-01-04 03:34:30.672504+00:00,SELL,,,
713,590620455,ETH-USD,3594.54,0.00093335,2025-01-04 03:34:15.207728+00:00,SELL,,,
714,590620421,ETH-USD,3593.97,0.01179222,2025-01-04 03:34:00.698435+00:00,SELL,,,
715,590620380,ETH-USD,3593.03,0.00675483,2025-01-04 03:33:45.374700+00:00,SELL,,,
716,590620344,ETH-USD,3592.51,0.00068448,2025-01-04 03:33:30.596590+00:00,SELL,,,
717,590620300,ETH-USD,3592.26,0.00380637,2025-01-04 03:33:15.691924+00:00,SELL,,,
718,590620283,ETH-USD,3591.97,0.08156981,2025-01-04 03:33:00.696211+00:00,SELL,,,
719,590620212,ETH-USD,3590.9,0.01661052,2025-01-04 03:32:45.939883+00:00,SELL,,,
720,590620185,ETH-USD,3590.98,0.00379499,2025-01-04 03:32:30.822518+00:00,BUY,,,
721,590620146,ETH-USD,3591.39,0.00379456,2025-01-04 03:32:14.871889+00:00,BUY,,,
722,590620123,ETH-USD,3591.32,0.01135173,2025-01-04 03:31:59.466544+00:00,SELL,,,
723,590620104,ETH-USD,3591.86,0.0027436,2025-01-04 03:31:44.295206+00:00,SELL,,,
724,590620073,ETH-USD,3591.83,0.00373557,2025-01-04 03:31:29.557408+00:00,SELL,,,
725,590620030,ETH-USD,3591.86,0.00933771,2025-01-04 03:31:14.755753+00:00,SELL,,,
726,590619981,ETH-USD,3591.82,0.00379411,2025-01-04 03:30:59.980560+00:00,BUY,,,
727,590619945,ETH-USD,3592.71,0.00215393,2025-01-04 03:30:44.636640+00:00,SELL,,,
728,590619905,ETH-USD,3593.03,0.0607449,2025-01-04 03:30:28.749624+00:00,SELL,,,
729,590619875,ETH-USD,3592.69,0.00379319,2025-01-04 03:30:13.316143+00:00,BUY,,,
730,590619839,ETH-USD,3592.73,0.00092174,2025-01-04 03:29:57.583705+00:00,SELL,,,
731,590619816,ETH-USD,3592.69,0.001,2025-01-04 03:29:42.679606+00:00,SELL,,,
732,590619803,ETH-USD,3592.32,0.00014498,2025-01-04 03:29:26.651907+00:00,SELL,,,
733,590619769,ETH-USD,3592.35,0.01633835,2025-01-04 03:29:11.935328+00:00,BUY,,,
734,590619727,ETH-USD,3592.88,0.0177607,2025-01-04 03:28:56.379699+00:00,SELL,,,
735,590619689,ETH-USD,3592.92,0.01001903,2025-01-04 03:28:41.473779+00:00,SELL,,,
736,590619660,ETH-USD,3592.64,0.0009622,2025-01-04 03:28:25.647833+00:00,SELL,,,
737,590619643,ETH-USD,3592.59,0.00040533,2025-01-04 03:28:10.909463+00:00,SELL,,,
738,590619608,ETH-USD,3592.52,0.0034127,2025-01-04 03:27:54.607945+00:00,SELL,,,
739,590619581,ETH-USD,3592.98,0.00037822,2025-01-04 03:27:38.897847+00:00,SELL,,,
740,590619529,ETH-USD,3592.06,0.00029513,2025-01-04 03:27:21.952744+00:00,BUY,,,
741,590619501,ETH-USD,3591.78,0.00013921,2025-01-04 03:27:05.524414+00:00,SELL,,,
742,590619474,ETH-USD,3592.54,0.00377701,2025-01-04 03:26:49.537267+00:00,BUY,,,
743,590619445,ETH-USD,3592.5,0.0298,2025-01-04 03:26:34.585536+00:00,SELL,,,
744,590619416,ETH-USD,3591.61,0.00535389,2025-01-04 03:26:19.516335+00:00,BUY,,,
745,590619387,ETH-USD,3590.58,0.00043329,2025-01-04 03:26:04.928697+00:00,BUY,,,
746,590619358,ETH-USD,3590.33,0.0068957,2025-01-04 03:25:49.583033+00:00,SELL,,,
747,590619311,ETH-USD,3590.5,0.41739,2025-01-04 03:25:34.621063+00:00,BUY,,,
748,590619273,ETH-USD,3590.93,0.00040288,2025-01-04 03:25:19.908929+00:00,BUY,,,
749,590619232,ETH-USD,3591.89,1,2025-01-04 03:25:04.443705+00:00,BUY,,,
750,590619196,ETH-USD,3592.45,0.0137789,2025-01-04 03:24:49.801161+00:00,SELL,,,
751,590619173,ETH-USD,3592.44,0.13828505,2025-01-04 03:24:34.290174+00:00,BUY,,,
752,590619157,ETH-USD,3592.46,0.00616219,2025-01-04 03:24:19.458255+00:00,SELL,,,
753,590619127,ETH-USD,3592.26,0.00054032,2025-01-04 03:24:03.918776+00:00,BUY,,,
754,590619108,ETH-USD,3592.1,0.00510155,2025-01-04 03:23:48.034089+00:00,SELL,,,
755,590619060,ETH-USD,3590.97,0.00248334,2025-01-04 03:23:33.460933+00:00,SELL,,,
756,590619044,ETH-USD,3591.45,0.00360609,2025-01-04 03:23:18.554363+00:00,BUY,,,
757,590619014,ETH-USD,3591.83,0.00083154,2025-01-04 03:23:03.563612+00:00,SELL,,,
758,590618987,ETH-USD,3590.79,0.10825928,2025-01-04 03:22:47.877906+00:00,SELL,,,
759,590618940,ETH-USD,3590.98,0.0055136,2025-01-04 03:22:32.981910+00:00,SELL,,,
760,590618903,ETH-USD,3591.43,0.00207001,2025-01-04 03:22:16.248820+00:00,BUY,,,
761,590618867,ETH-USD,3592.18,0.00027836,2025-01-04 03:22:01.835150+00:00,SELL,,,
762,590618791,ETH-USD,3591.91,0.01304552,2025-01-04 03:21:46.269837+00:00,BUY,,,
763,590618756,ETH-USD,3591.64,0.00689148,2025-01-04 03:21:31.093828+00:00,SELL,,,
764,590618739,ETH-USD,3591.49,0.0132337,2025-01-04 03:21:16.546809+00:00,SELL,,,
765,590618696,ETH-USD,3592.31,0.00495429,2025-01-04 03:21:00.820906+00:00,BUY,,,
766,590618667,ETH-USD,3591.3,0.00008902,2025-01-04 03:20:45.678119+00:00,SELL,,,
767,590618632,ETH-USD,3591.38,0.00274993,2025-01-04 03:20:30.037799+00:00,SELL,,,
768,590618556,ETH-USD,3591.84,0.0037671,2025-01-04 03:20:15.621523+00:00,BUY,,,
769,590618527,ETH-USD,3592.02,0.00061439,2025-01-04 03:20:00.733671+00:00,SELL,,,
770,590618502,ETH-USD,3591.96,0.00067023,2025-01-04 03:19:45.578412+00:00,SELL,,,
771,590618466,ETH-USD,3592.23,0.00033263,2025-01-04 03:19:30.973099+00:00,SELL,,,
772,590618434,ETH-USD,3591.63,0.00102766,2025-01-04 03:19:15.173235+00:00,BUY,,,
773,590618395,ETH-USD,3592.02,1.07695186,2025-01-04 03:19:00.876674+00:00,BUY,,,
774,590618362,ETH-USD,3591.78,0.08861878,2025-01-04 03:18:45.447407+00:00,BUY,,,
775,590618329,ETH-USD,3592.2,0.00248288,2025-01-04 03:18:30.053973+00:00,SELL,,,
776,590618284,ETH-USD,3592.63,0.00287018,2025-01-04 03:18:14.455028+00:00,SELL,,,
777,590618248,ETH-USD,3593.06,0.10329026,2025-01-04 03:17:59.314196+00:00,SELL,,,
778,590618223,ETH-USD,3593.9,0.06930066,2025-01-04 03:17:44.116879+00:00,SELL,,,
779,590618194,ETH-USD,3594.65,0.78111921,2025-01-04 03:17:29.470474+00:00,SELL,,,
780,590618157,ETH-USD,3594.84,0.01319864,2025-01-04 03:17:14.899909+00:00,SELL,,,
781,590618100,ETH-USD,3593.35,0.001,2025-01-04 03:16:59.102907+00:00,SELL,,,
782,590618082,ETH-USD,3593.03,1.23338643,2025-01-04 03:16:44.405032+00:00,BUY,,,
783,2025-01-04T03:16:29.924Z-ETH/USD-3594.313-0.05,ETH-USD,3594.313,0.05,2025-01-04 03:16:29.924000+00:00,UNKNOWN_ORDER_SIDE,,,
784,590618014,ETH-USD,3594.77,0.00221313,2025-01-04 03:16:13.662228+00:00,BUY,,,
785,590617980,ETH-USD,3595.81,0.0002781,2025-01-04 03:15:58.534404+00:00,BUY,,,
786,590617935,ETH-USD,3596.04,0.02632497,2025-01-04 03:15:43.415933+00:00,SELL,,,
787,590617900,ETH-USD,3595.97,0.0132,2025-01-04 03:15:28.604775+00:00,SELL,,,
788,590617864,ETH-USD,3595.9,0.01889962,2025-01-04 03:15:13.700532+00:00,BUY,,,
789,590617825,ETH-USD,3595.24,0.00000344,2025-01-04 03:14:58.251210+00:00,SELL,,,
790,590617764,ETH-USD,3595.24,0.00647386,2025-01-04 03:14:43.582620+00:00,SELL,,,
791,590617733,ETH-USD,3595.26,0.001,2025-01-04 03:14:27.629369+00:00,SELL,,,
792,590617703,ETH-USD,3594.59,0.0055076,2025-01-04 03:14:12.972343+00:00,SELL,,,
793,590617667,ETH-USD,3594.86,0.00200838,2025-01-04 03:13:57.738160+00:00,SELL,,,
794,590617642,ETH-USD,3594.45,0.00276704,2025-01-04 03:13:42.928288+00:00,SELL,,,
795,387015088,ETH-USD,3595.0,0.02148238,2025-01-04 03:13:27.284000+00:00,SELL,,,
796,590617596,ETH-USD,3594.59,0.01322347,2025-01-04 03:13:12.734757+00:00,SELL,,,
797,590617554,ETH-USD,3594.09,0.00000731,2025-01-04 03:12:57.989613+00:00,BUY,,,
798,590617524,ETH-USD,3593.93,0.00317294,2025-01-04 03:12:42.644815+00:00,SELL,,,
799,590617495,ETH-USD,3593.88,0.00126328,2025-01-04 03:12:27.519368+00:00,SELL,,,
800,590617418,ETH-USD,3594.51,0.00375496,2025-01-04 03:12:11.966617+00:00,BUY,,,
801,590617383,ETH-USD,3594.48,0.82685354,2025-01-04 03:11:55.356236+00:00,SELL,,,
802,590617321,ETH-USD,3591.83,0.03132989,2025-01-04 03:11:39.730619+00:00,SELL,,,
803,590617301,ETH-USD,3592.35,0.00565448,2025-01-04 03:11:24.664848+00:00,SELL,,,
804,590617264,ETH-USD,3593.13,0.00001356,2025-01-04 03:11:09.569008+00:00,SELL,,,
805,590617219,ETH-USD,3592.62,0.17387548,2025-01-04 03:10:53.619910+00:00,SELL,,,
806,590617197,ETH-USD,3591.63,0.01510784,2025-01-04 03:10:37.701366+00:00,BUY,,,
807,590617169,ETH-USD,3591.34,0.00049451,2025-01-04 03:10:20.712397+00:00,BUY,,,
808,590617127,ETH-USD,3590.28,0.28713602,2025-01-04 03:10:05.165774+00:00,SELL,,,
809,590617078,ETH-USD,3590.75,0.00038414,2025-01-04 03:09:50.889594+00:00,SELL,,,
810,590616915,ETH-USD,3594.8,0.00067718,2025-01-04 03:09:33.873967+00:00,SELL,,,
811,590616868,ETH-USD,3597.44,0.00374542,2025-01-04 03:09:18.720577+00:00,BUY,,,
812,590616836,ETH-USD,3596.42,0.00042543,2025-01-04 03:09:03.390940+00:00,SELL,,,
813,590616796,ETH-USD,3596.23,0.00647133,2025-01-04 03:08:48.986077+00:00,SELL,,,
814,590616744,ETH-USD,3596.21,0.00207388,2025-01-04 03:08:33.890217+00:00,SELL,,,
815,590616703,ETH-USD,3596.44,0.00126739,2025-01-04 03:08:16.808428+00:00,SELL,,,
816,590616643,ETH-USD,3597.93,0.00079942,2025-01-04 03:08:01.829625+00:00,SELL,,,
817,590616609,ETH-USD,3598.21,0.001,2025-01-04 03:07:46.611265+00:00,BUY,,,
818,590616545,ETH-USD,3597.63,0.00376072,2025-01-04 03:07:29.197984+00:00,BUY,,,
819,590616476,ETH-USD,3598.08,0.05491436,2025-01-04 03:07:14.748604+00:00,SELL,,,
820,590616441,ETH-USD,3597.94,0.01375696,2025-01-04 03:06:59.551169+00:00,SELL,,,
821,590616412,ETH-USD,3597.83,0.001,2025-01-04 03:06:43.468653+00:00,SELL,,,
822,590616363,ETH-USD,3596.61,0.00163883,2025-01-04 03:06:28.393118+00:00,BUY,,,
823,590616334,ETH-USD,3595.76,0.00022505,2025-01-04 03:06:13.474866+00:00,BUY,,,
824,590616302,ETH-USD,3594.63,0.0633,2025-01-04 03:05:58.923982+00:00,SELL,,,
825,590616242,ETH-USD,3594.3,0.00013709,2025-01-04 03:05:43.422032+00:00,SELL,,,
826,590616208,ETH-USD,3594.61,0.00040526,2025-01-04 03:05:28.758681+00:00,SELL,,,
827,590616175,ETH-USD,3594.52,0.00000278,2025-01-04 03:05:13.658502+00:00,SELL,,,
828,590616152,ETH-USD,3593.56,0.13523365,2025-01-04 03:04:58.134785+00:00,SELL,,,
829,590616129,ETH-USD,3592.96,0.00152948,2025-01-04 03:04:42.771043+00:00,SELL,,,
830,590616107,ETH-USD,3592.98,0.00551012,2025-01-04 03:04:27.981676+00:00,SELL,,,
831,590616065,ETH-USD,3593.33,0.00368657,2025-01-04 03:04:11.330837+00:00,BUY,,,
832,590616039,ETH-USD,3592.87,0.00095349,2025-01-04 03:03:56.969941+00:00,SELL,,,
833,590616015,ETH-USD,3592.97,0.0008266,2025-01-04 03:03:41.759334+00:00,SELL,,,
834,590615993,ETH-USD,3593.1,0.00376552,2025-01-04 03:03:25.002384+00:00,SELL,,,
835,590615947,ETH-USD,3593.46,0.00080229,2025-01-04 03:03:09.227870+00:00,SELL,,,
836,590615914,ETH-USD,3593.86,0.001,2025-01-04 03:02:54.793442+00:00,SELL,,,
837,590615878,ETH-USD,3593.63,0.00084207,2025-01-04 03:02:39.227616+00:00,SELL,,,
838,590615839,ETH-USD,3594.32,0.00070759,2025-01-04 03:02:24.750153+00:00,BUY,,,
839,590615808,ETH-USD,3593.94,0.00375933,2025-01-04 03:02:09.928828+00:00,BUY,,,
840,590615773,ETH-USD,3594.64,0.0037586,2025-01-04 03:01:53.165945+00:00,BUY,,,
841,590615739,ETH-USD,3593.93,0.00375967,2025-01-04 03:01:38.777408+00:00,SELL,,,
842,590615697,ETH-USD,3593.7,0.00375959,2025-01-04 03:01:22.239171+00:00,SELL,,,
843,590615677,ETH-USD,3593.56,0.02754461,2025-01-04 03:01:07.049691+00:00,SELL,,,
844,590615655,ETH-USD,3594.17,0.00588145,2025-01-04 03:00:51.858057+00:00,SELL,,,
845,590615623,ETH-USD,3592.99,0.00375984,2025-01-04 03:00:36.471781+00:00,SELL,,,
846,590615587,ETH-USD,3593.37,0.33733688,2025-01-04 03:00:21.668316+00:00,SELL,,,
847,590615562,ETH-USD,3594.14,0.00000737,2025-01-04 03:00:06.897279+00:00,BUY,,,
848,590615504,ETH-USD,3594.73,0.00375851,2025-01-04 02:59:51.656744+00:00,BUY,,,
849,590615465,ETH-USD,3594.63,0.00069903,2025-01-04 02:59:35.569415+00:00,BUY,,,
850,590615431,ETH-USD,3593.61,0.02782678,2025-01-04 02:59:20.706857+00:00,SELL,,,
851,590615401,ETH-USD,3593.49,0.00055093,2025-01-04 02:59:05.799648+00:00,SELL,,,
852,590615364,ETH-USD,3593.43,0.00009597,2025-01-04 02:58:50.225526+00:00,SELL,,,
853,590615343,ETH-USD,3595.19,0.00331938,2025-01-04 02:58:35.661749+00:00,SELL,,,
854,590615302,ETH-USD,3595.02,0.02753679,2025-01-04 02:58:20.364461+00:00,SELL,,,
855,590615276,ETH-USD,3595.15,0.00600864,2025-01-04 02:58:01.557133+00:00,BUY,,,
856,590615248,ETH-USD,3595.09,0.10730874,2025-01-04 02:57:46.980775+00:00,SELL,,,
857,590615214,ETH-USD,3595.23,0.00013904,2025-01-04 02:57:30.826602+00:00,SELL,,,
858,590615193,ETH-USD,3595.92,0.00914449,2025-01-04 02:57:14.360262+00:00,SELL,,,
859,590615163,ETH-USD,3595.99,0.001,2025-01-04 02:56:59.745122+00:00,BUY,,,
860,590615134,ETH-USD,3597.31,0.00253633,2025-01-04 02:56:44.168614+00:00,SELL,,,
861,590615107,ETH-USD,3597.36,0.00000652,2025-01-04 02:56:29.324822+00:00,BUY,,,
862,590615083,ETH-USD,3597.45,0.00011114,2025-01-04 02:56:14.963297+00:00,SELL,,,
863,590615036,ETH-USD,3597.51,0.00908439,2025-01-04 02:55:59.821583+00:00,SELL,,,
864,590615019,ETH-USD,3597.47,0.000025,2025-01-04 02:55:42.398776+00:00,SELL,,,
865,590614991,ETH-USD,3597.6,0.02648754,2025-01-04 02:55:27.692812+00:00,SELL,,,
866,590614955,ETH-USD,3597.91,0.00087567,2025-01-04 02:55:11.897224+00:00,SELL,,,
867,590614928,ETH-USD,3597.64,0.00070221,2025-01-04 02:54:56.926633+00:00,BUY,,,
868,590614901,ETH-USD,3598.56,0.0085531,2025-01-04 02:54:41.933339+00:00,SELL,,,
869,590614871,ETH-USD,3598.69,0.02785571,2025-01-04 02:54:26.878769+00:00,SELL,,,
870,590614828,ETH-USD,3598.39,0.00069749,2025-01-04 02:54:11.860158+00:00,BUY,,,
871,590614772,ETH-USD,3598.2,0.00107608,2025-01-04 02:53:55.923252+00:00,SELL,,,
872,590614653,ETH-USD,3597.29,0.00375143,2025-01-04 02:53:40.946526+00:00,BUY,,,
873,590614613,ETH-USD,3597.28,0.0049,2025-01-04 02:53:25.208229+00:00,SELL,,,
874,590614578,ETH-USD,3597.09,0.16511696,2025-01-04 02:53:10.395655+00:00,SELL,,,
875,590614537,ETH-USD,3597.28,0.00189822,2025-01-04 02:52:54.890660+00:00,SELL,,,
876,590614499,ETH-USD,3596.92,0.00084119,2025-01-04 02:52:37.283433+00:00,BUY,,,
877,590614473,ETH-USD,3596.38,0.00104813,2025-01-04 02:52:22.988399+00:00,SELL,,,
878,590614444,ETH-USD,3596.92,0.00055302,2025-01-04 02:52:06.511878+00:00,SELL,,,
879,590614406,ETH-USD,3596.63,0.01376487,2025-01-04 02:51:51.624614+00:00,SELL,,,
880,590614380,ETH-USD,3596.59,0.01383603,2025-01-04 02:51:36.375011+00:00,SELL,,,
881,590614341,ETH-USD,3596.75,0.00030555,2025-01-04 02:51:21.749103+00:00,SELL,,,
882,590614296,ETH-USD,3595.09,0.00005996,2025-01-04 02:51:06.577002+00:00,SELL,,,
883,590614255,ETH-USD,3594.84,0.00031212,2025-01-04 02:50:51.589167+00:00,SELL,,,
884,590614218,ETH-USD,3595.12,0.00044086,2025-01-04 02:50:36.693893+00:00,SELL,,,
885,590614186,ETH-USD,3594.18,0.00119255,2025-01-04 02:50:21.270824+00:00,SELL,,,
886,590614146,ETH-USD,3593.98,0.07622606,2025-01-04 02:50:06.806870+00:00,SELL,,,
887,590614114,ETH-USD,3593.35,0.00129119,2025-01-04 02:49:50.422478+00:00,SELL,,,
888,590614090,ETH-USD,3593.23,0.00009334,2025-01-04 02:49:33.907672+00:00,SELL,,,
889,590614043,ETH-USD,3594.33,0.0012238,2025-01-04 02:49:18.576976+00:00,SELL,,,
890,590613990,ETH-USD,3594.68,0.0037206,2025-01-04 02:49:02.703277+00:00,SELL,,,
891,590613959,ETH-USD,3594.66,0.11029334,2025-01-04 02:48:47.803711+00:00,SELL,,,
892,590613940,ETH-USD,3594.44,0.25,2025-01-04 02:48:31.104682+00:00,BUY,,,
893,590613902,ETH-USD,3594.56,0.00248147,2025-01-04 02:48:16.438141+00:00,SELL,,,
894,590613868,ETH-USD,3594.75,0.00041659,2025-01-04 02:48:01.192142+00:00,SELL,,,
895,590613790,ETH-USD,3594.53,0.00316048,2025-01-04 02:47:46.634777+00:00,SELL,,,
896,590613754,ETH-USD,3593.71,0.00013914,2025-01-04 02:47:31.999136+00:00,SELL,,,
897,590613730,ETH-USD,3593.3,0.90719125,2025-01-04 02:47:16.156326+00:00,SELL,,,
898,2025-01-04T02:47:01.885Z-ETH/USD-3595.864-0.02,ETH-USD,3595.864,0.02,2025-01-04 02:47:01.885000+00:00,UNKNOWN_ORDER_SIDE,,,
899,590613684,ETH-USD,3593.68,0.00281039,2025-01-04 02:46:46.785166+00:00,BUY,,,
900,590613658,ETH-USD,3593.95,0.01270246,2025-01-04 02:46:31.894377+00:00,SELL,,,
901,590613613,ETH-USD,3595.14,0.3351022,2025-01-04 02:46:13.778388+00:00,SELL,,,
902,590613567,ETH-USD,3594.04,0.0037699,2025-01-04 02:45:58.653175+00:00,BUY,,,
903,590613502,ETH-USD,3593.37,0.01322803,2025-01-04 02:45:43.839959+00:00,SELL,,,
904,590613479,ETH-USD,3592.33,0.00258849,2025-01-04 02:45:26.328611+00:00,SELL,,,
905,590613435,ETH-USD,3591.25,0.27580867,2025-01-04 02:45:11.847325+00:00,SELL,,,
906,590613405,ETH-USD,3590.52,0.00006087,2025-01-04 02:44:56.941264+00:00,SELL,,,
907,590613366,ETH-USD,3589.52,0.05284893,2025-01-04 02:44:41.435006+00:00,SELL,,,
908,590613337,ETH-USD,3589.66,0.00107528,2025-01-04 02:44:26.826976+00:00,SELL,,,
909,590613310,ETH-USD,3589.52,0.0091,2025-01-04 02:44:11.974392+00:00,SELL,,,
910,590613286,ETH-USD,3589.61,0.00377455,2025-01-04 02:43:56.727768+00:00,BUY,,,
911,590613247,ETH-USD,3589.88,0.00377434,2025-01-04 02:43:41.744031+00:00,SELL,,,
912,590613198,ETH-USD,3589.26,0.00377502,2025-01-04 02:43:25.211014+00:00,SELL,,,
913,590613161,ETH-USD,3588.79,0.00377541,2025-01-04 02:43:10.323516+00:00,BUY,,,
914,590613115,ETH-USD,3589.26,0.00377503,2025-01-04 02:42:55.688278+00:00,SELL,,,
915,590613077,ETH-USD,3589.38,0.00290523,2025-01-04 02:42:38.137259+00:00,SELL,,,
916,590613050,ETH-USD,3589.5,0.00131002,2025-01-04 02:42:22.900945+00:00,SELL,,,
917,590613001,ETH-USD,3589.36,0.16546192,2025-01-04 02:42:07.484743+00:00,SELL,,,
918,590612976,ETH-USD,3589.71,0.00377381,2025-01-04 02:41:52.850352+00:00,BUY,,,
919,590612941,ETH-USD,3589.85,0.001,2025-01-04 02:41:37.128421+00:00,SELL,,,
920,590612914,ETH-USD,3589.53,0.00444448,2025-01-04 02:41:20.344381+00:00,SELL,,,
921,590612873,ETH-USD,3589.67,0.001,2025-01-04 02:41:05.176723+00:00,BUY,,,
922,590612851,ETH-USD,3589.19,0.001,2025-01-04 02:40:49.080857+00:00,BUY,,,
923,590612829,ETH-USD,3590.55,0.00377293,2025-01-04 02:40:34.103198+00:00,BUY,,,
924,387004436,ETH-USD,3591.6,0.0129,2025-01-04 02:40:19.039000+00:00,BUY,,,
925,590612767,ETH-USD,3591.31,0.01295903,2025-01-04 02:40:03.562095+00:00,SELL,,,
926,590612760,ETH-USD,3591.31,0.0916,2025-01-04 02:39:48.409018+00:00,SELL,,,
927,590612739,ETH-USD,3591.68,0.00044727,2025-01-04 02:39:33.889006+00:00,BUY,,,
928,590612723,ETH-USD,3591.65,0.00000345,2025-01-04 02:39:18.637016+00:00,SELL,,,
929,590612688,ETH-USD,3592.78,0.10227389,2025-01-04 02:39:02.577376+00:00,BUY,,,
930,590612666,ETH-USD,3593.14,0.00248234,2025-01-04 02:38:47.911441+00:00,SELL,,,
931,590612634,ETH-USD,3593.37,0.05959484,2025-01-04 02:38:31.093486+00:00,SELL,,,
932,590612593,ETH-USD,3592.59,0.00377089,2025-01-04 02:38:16.698218+00:00,SELL,,,
933,590612563,ETH-USD,3592.72,0.00275561,2025-01-04 02:38:00.290154+00:00,SELL,,,
934,590612528,ETH-USD,3592.48,0.0469805,2025-01-04 02:37:45.205134+00:00,SELL,,,
935,590612502,ETH-USD,3593.05,0.00374414,2025-01-04 02:37:30.640720+00:00,BUY,,,
936,590612439,ETH-USD,3593.72,0.00049524,2025-01-04 02:37:14.801135+00:00,BUY,,,
937,590612413,ETH-USD,3593.05,0.0015257,2025-01-04 02:36:59.362552+00:00,SELL,,,
938,590612388,ETH-USD,3592.35,0.00248304,2025-01-04 02:36:44.967166+00:00,SELL,,,
939,590612293,ETH-USD,3590.03,0.00013931,2025-01-04 02:36:29.044581+00:00,BUY,,,
940,590612257,ETH-USD,3590.56,0.00327842,2025-01-04 02:36:14.392066+00:00,SELL,,,
941,590612230,ETH-USD,3590.11,0.00374721,2025-01-04 02:35:59.697558+00:00,BUY,,,
942,590612169,ETH-USD,3590.51,0.00303689,2025-01-04 02:35:44.669311+00:00,SELL,,,
943,590612129,ETH-USD,3589.29,0.00000278,2025-01-04 02:35:29.930523+00:00,SELL,,,
944,590612095,ETH-USD,3588.18,0.00061756,2025-01-04 02:35:11.788725+00:00,SELL,,,
945,590612055,ETH-USD,3587.79,0.00374963,2025-01-04 02:34:56.903696+00:00,BUY,,,
946,590612012,ETH-USD,3588.0,0.00275924,2025-01-04 02:34:41.931703+00:00,SELL,,,
947,590611985,ETH-USD,3587.75,0.00285671,2025-01-04 02:34:26.608316+00:00,BUY,,,
948,590611958,ETH-USD,3587.39,0.00070363,2025-01-04 02:34:11.893687+00:00,BUY,,,
949,590611926,ETH-USD,3585.96,0.03450208,2025-01-04 02:33:55.053425+00:00,SELL,,,
950,590611880,ETH-USD,3587.04,0.37098415,2025-01-04 02:33:40.334174+00:00,BUY,,,
951,590611841,ETH-USD,3587.42,0.0033444,2025-01-04 02:33:25.727706+00:00,BUY,,,
952,590611818,ETH-USD,3587.73,0.0037497,2025-01-04 02:33:10.433215+00:00,BUY,,,
953,590611788,ETH-USD,3587.47,0.00045074,2025-01-04 02:32:55.584643+00:00,BUY,,,
954,590611754,ETH-USD,3587.48,0.00322149,2025-01-04 02:32:40.896070+00:00,SELL,,,
955,590611707,ETH-USD,3587.02,0.00127124,2025-01-04 02:32:24.434089+00:00,SELL,,,
956,590611668,ETH-USD,3585.99,0.03588917,2025-01-04 02:32:09.852689+00:00,SELL,,,
957,590611617,ETH-USD,3586.46,0.00087681,2025-01-04 02:31:54.102773+00:00,SELL,,,
958,590611586,ETH-USD,3583.93,0.0037372,2025-01-04 02:31:39.740576+00:00,SELL,,,
959,590611517,ETH-USD,3581.68,0.0015666,2025-01-04 02:31:23.981709+00:00,SELL,,,
960,590611499,ETH-USD,3581.75,0.00373899,2025-01-04 02:31:07.690627+00:00,BUY,,,
961,590611451,ETH-USD,3583.41,0.00225114,2025-01-04 02:30:51.969135+00:00,SELL,,,
962,590611378,ETH-USD,3585.2,0.00373557,2025-01-04 02:30:36.016764+00:00,SELL,,,
963,590611303,ETH-USD,3585.29,0.02793444,2025-01-04 02:30:19.909585+00:00,SELL,,,
964,590611260,ETH-USD,3584.4,0.00373623,2025-01-04 02:30:04.832858+00:00,BUY,,,
965,590611227,ETH-USD,3583.11,0.17905209,2025-01-04 02:29:48.393332+00:00,SELL,,,
966,590611187,ETH-USD,3583.11,0.00690788,2025-01-04 02:29:33.999407+00:00,SELL,,,
967,590611152,ETH-USD,3582.21,0.02659628,2025-01-04 02:29:16.205235+00:00,SELL,,,
968,590611122,ETH-USD,3582.47,0.08814723,2025-01-04 02:29:01.922071+00:00,BUY,,,
969,590611087,ETH-USD,3583.0,0.12203504,2025-01-04 02:28:45.221486+00:00,SELL,,,
970,590611043,ETH-USD,3583.0,0.00290915,2025-01-04 02:28:28.080202+00:00,SELL,,,
971,590611014,ETH-USD,3582.96,0.02592685,2025-01-04 02:28:12.862745+00:00,BUY,,,
972,590610981,ETH-USD,3583.88,0.02761845,2025-01-04 02:27:57.856965+00:00,SELL,,,
973,590610936,ETH-USD,3584.58,0.0293486,2025-01-04 02:27:42.833900+00:00,SELL,,,
974,590610919,ETH-USD,3584.46,0.0024882,2025-01-04 02:27:26.613573+00:00,SELL,,,
975,590610884,ETH-USD,3584.66,0.00563467,2025-01-04 02:27:11.219180+00:00,BUY,,,
976,590610851,ETH-USD,3585.1,0.00214898,2025-01-04 02:26:56.667408+00:00,SELL,,,
977,590610832,ETH-USD,3584.18,0.05420987,2025-01-04 02:26:40.194407+00:00,SELL,,,
978,590610811,ETH-USD,3584.17,0.25220347,2025-01-04 02:26:24.753434+00:00,BUY,,,
979,590610782,ETH-USD,3584.51,0.00248796,2025-01-04 02:26:09.059818+00:00,SELL,,,
980,590610757,ETH-USD,3585.23,0.00174078,2025-01-04 02:25:54.891529+00:00,SELL,,,
981,590610724,ETH-USD,3585.24,0.00249813,2025-01-04 02:25:39.976854+00:00,SELL,,,
982,590610678,ETH-USD,3585.67,0.02657092,2025-01-04 02:25:24.879789+00:00,SELL,,,
983,590610638,ETH-USD,3586.17,0.00055957,2025-01-04 02:25:09.950852+00:00,SELL,,,
984,590610617,ETH-USD,3586.9,0.00292165,2025-01-04 02:24:54.787812+00:00,SELL,,,
985,590610594,ETH-USD,3586.52,0.00175964,2025-01-04 02:24:39.633165+00:00,SELL,,,
986,590610562,ETH-USD,3586.37,0.0036975,2025-01-04 02:24:24.422822+00:00,SELL,,,
987,590610530,ETH-USD,3586.46,0.00369731,2025-01-04 02:24:09.519854+00:00,SELL,,,
988,590610494,ETH-USD,3586.48,0.00690432,2025-01-04 02:23:53.573827+00:00,SELL,,,
989,590610450,ETH-USD,3586.19,0.00262318,2025-01-04 02:23:38.999431+00:00,SELL,,,
990,590610417,ETH-USD,3587.2,0.00106545,2025-01-04 02:23:23.242953+00:00,SELL,,,
991,590610388,ETH-USD,3586.26,0.1163696,2025-01-04 02:23:06.326492+00:00,SELL,,,
992,590610352,ETH-USD,3586.23,0.00028396,2025-01-04 02:22:50.779919+00:00,BUY,,,
993,590610290,ETH-USD,3586.21,0.00038744,2025-01-04 02:22:35.494030+00:00,SELL,,,
994,590610252,ETH-USD,3585.76,0.00034384,2025-01-04 02:22:20.839235+00:00,SELL,,,
995,590610196,ETH-USD,3585.98,0.04153806,2025-01-04 02:22:04.968328+00:00,SELL,,,
996,590610161,ETH-USD,3585.85,0.00005575,2025-01-04 02:21:49.763613+00:00,SELL,,,
997,590610099,ETH-USD,3586.0,0.00366219,2025-01-04 02:21:34.585817+00:00,SELL,,,
998,590610046,ETH-USD,3587.38,0.00035401,2025-01-04 02:21:19.914679+00:00,SELL,,,
999,590609974,ETH-USD,3587.8,0.00689831,2025-01-04 02:21:04.063390+00:00,SELL,,,
1000,590609938,ETH-USD,3587.71,0.00510786,2025-01-04 02:20:49.347778+00:00,SELL,,,
1001,590609901,ETH-USD,3587.59,0.01242029,2025-01-04 02:20:33.296481+00:00,SELL,,,
1002,590609876,ETH-USD,3587.67,0.00015885,2025-01-04 02:20:18.299766+00:00,SELL,,,
1003,590609818,ETH-USD,3588.57,0.00110633,2025-01-04 02:20:02.634212+00:00,SELL,,,
1004,590609791,ETH-USD,3588.35,0.0256,2025-01-04 02:19:46.373698+00:00,SELL,,,
1005,590609769,ETH-USD,3588.5,0.00365957,2025-01-04 02:19:31.351241+00:00,BUY,,,
1006,590609736,ETH-USD,3589.16,0.00216456,2025-01-04 02:19:16.745906+00:00,SELL,,,
1007,590609697,ETH-USD,3589.07,0.00510622,2025-01-04 02:19:01.830273+00:00,SELL,,,
1008,590609668,ETH-USD,3588.73,0.02786501,2025-01-04 02:18:46.637760+00:00,BUY,,,
1009,590609638,ETH-USD,3588.33,0.00426254,2025-01-04 02:18:31.243146+00:00,SELL,,,
1010,590609599,ETH-USD,3589.21,0.00200002,2025-01-04 02:18:16.497664+00:00,SELL,,,
1011,590609568,ETH-USD,3589.06,0.00220127,2025-01-04 02:18:01.929374+00:00,BUY,,,
1012,590609536,ETH-USD,3589.26,0.00133612,2025-01-04 02:17:46.304211+00:00,BUY,,,
1013,590609503,ETH-USD,3589.46,0.00316495,2025-01-04 02:17:31.127680+00:00,SELL,,,
1014,590609468,ETH-USD,3589.51,0.0285676,2025-01-04 02:17:16.451406+00:00,BUY,,,
1015,590609434,ETH-USD,3590.04,0.02654612,2025-01-04 02:17:00.846406+00:00,SELL,,,
1016,590609377,ETH-USD,3589.86,0.01392811,2025-01-04 02:16:45.881645+00:00,BUY,,,
1017,590609349,ETH-USD,3590.27,0.00049924,2025-01-04 02:16:30.860984+00:00,BUY,,,
1018,590609283,ETH-USD,3591.22,0.00068287,2025-01-04 02:16:14.779086+00:00,BUY,,,
1019,590609232,ETH-USD,3591.55,0.001,2025-01-04 02:15:59.276742+00:00,SELL,,,
1020,590609194,ETH-USD,3591.22,0.04098464,2025-01-04 02:15:44.963258+00:00,SELL,,,
1021,590609151,ETH-USD,3590.11,0.00975777,2025-01-04 02:15:29.359058+00:00,BUY,,,
1022,590609123,ETH-USD,3589.97,0.00187293,2025-01-04 02:15:14.577211+00:00,SELL,,,
1023,590609101,ETH-USD,3589.87,0.00118062,2025-01-04 02:14:59.057961+00:00,SELL,,,
1024,590609070,ETH-USD,3589.54,0.00361486,2025-01-04 02:14:44.989473+00:00,BUY,,,
1025,590609030,ETH-USD,3589.07,0.089,2025-01-04 02:14:28.487767+00:00,BUY,,,
1026,590608989,ETH-USD,3588.49,0.01175608,2025-01-04 02:14:11.228761+00:00,SELL,,,
1027,590608964,ETH-USD,3589.74,0.0208093,2025-01-04 02:13:56.668778+00:00,BUY,,,
1028,590608949,ETH-USD,3590.07,0.00307552,2025-01-04 02:13:41.724224+00:00,BUY,,,
1029,590608923,ETH-USD,3590.08,0.1672925,2025-01-04 02:13:26.585836+00:00,SELL,,,
1030,590608896,ETH-USD,3590.34,0.00030741,2025-01-04 02:13:11.261111+00:00,BUY,,,
1031,590608875,ETH-USD,3590.8,0.0084391,2025-01-04 02:12:56.020683+00:00,BUY,,,
1032,590608830,ETH-USD,3590.79,0.74,2025-01-04 02:12:38.994229+00:00,BUY,,,
1033,590608791,ETH-USD,3591.0,0.00257678,2025-01-04 02:12:23.423625+00:00,SELL,,,
1034,590608763,ETH-USD,3590.58,0.00427874,2025-01-04 02:12:08.809205+00:00,SELL,,,
1035,590608741,ETH-USD,3590.4,0.00072886,2025-01-04 02:11:53.991585+00:00,BUY,,,
1036,590608694,ETH-USD,3588.58,0.001,2025-01-04 02:11:38.675817+00:00,SELL,,,
1037,590608667,ETH-USD,3587.19,0.00357315,2025-01-04 02:11:23.790529+00:00,SELL,,,
1038,590608633,ETH-USD,3587.45,0.13546067,2025-01-04 02:11:08.546379+00:00,SELL,,,
1039,590608602,ETH-USD,3587.4,0.03966447,2025-01-04 02:10:53.398540+00:00,SELL,,,
1040,590608551,ETH-USD,3587.64,0.00357267,2025-01-04 02:10:37.003812+00:00,SELL,,,
1041,590608496,ETH-USD,3587.8,0.00357237,2025-01-04 02:10:22.705438+00:00,BUY,,,
1042,590608453,ETH-USD,3588.05,0.003,2025-01-04 02:10:06.213503+00:00,SELL,,,
1043,590608405,ETH-USD,3588.42,0.00357188,2025-01-04 02:09:51.526110+00:00,SELL,,,
1044,590608359,ETH-USD,3588.43,0.0064861,2025-01-04 02:09:36.219932+00:00,SELL,,,
1045,590608322,ETH-USD,3588.69,0.001,2025-01-04 02:09:21.973891+00:00,SELL,,,
1046,590608269,ETH-USD,3587.27,0.0132202,2025-01-04 02:09:06.833454+00:00,SELL,,,
1047,590608237,ETH-USD,3587.69,0.2787404,2025-01-04 02:08:51.988688+00:00,BUY,,,
1048,590608166,ETH-USD,3587.75,0.01116538,2025-01-04 02:08:36.801823+00:00,SELL,,,
1049,590608135,ETH-USD,3588.34,0.00067566,2025-01-04 02:08:21.717579+00:00,BUY,,,
1050,590608105,ETH-USD,3588.53,0.01413924,2025-01-04 02:08:06.526879+00:00,SELL,,,
1051,590608064,ETH-USD,3588.83,0.00357135,2025-01-04 02:07:50.896737+00:00,BUY,,,
1052,590608035,ETH-USD,3589.28,0.00137912,2025-01-04 02:07:35.942889+00:00,SELL,,,
1053,590608003,ETH-USD,3589.01,0.14418113,2025-01-04 02:07:19.084568+00:00,SELL,,,
1054,590607964,ETH-USD,3588.11,0.33271755,2025-01-04 02:07:02.994653+00:00,BUY,,,
1055,590607936,ETH-USD,3588.63,0.34809207,2025-01-04 02:06:47.804737+00:00,BUY,,,
1056,590607898,ETH-USD,3589.44,0.28713602,2025-01-04 02:06:31.810534+00:00,SELL,,,
1057,590607838,ETH-USD,3589.93,0.00118009,2025-01-04 02:06:16.570890+00:00,SELL,,,
1058,590607815,ETH-USD,3589.93,0.75505903,2025-01-04 02:06:01.535504+00:00,BUY,,,
1059,590607752,ETH-USD,3590.09,0.0000225,2025-01-04 02:05:46.726058+00:00,BUY,,,
1060,590607723,ETH-USD,3590.84,0.00271222,2025-01-04 02:05:28.333954+00:00,BUY,,,
1061,590607708,ETH-USD,3590.89,0.00279225,2025-01-04 02:05:13.494234+00:00,BUY,,,
1062,590607652,ETH-USD,3592.58,0.00332413,2025-01-04 02:04:58.725567+00:00,SELL,,,
1063,590607596,ETH-USD,3592.53,0.00352867,2025-01-04 02:04:42.192569+00:00,SELL,,,
1064,590607552,ETH-USD,3594.15,0.00042353,2025-01-04 02:04:27.630642+00:00,SELL,,,
1065,590607502,ETH-USD,3594.32,0.00013909,2025-01-04 02:04:12.021106+00:00,SELL,,,
1066,590607472,ETH-USD,3595.69,0.0035172,2025-01-04 02:03:57.637443+00:00,SELL,,,
1067,590607449,ETH-USD,3596.31,0.00555165,2025-01-04 02:03:42.882305+00:00,SELL,,,
1068,590607411,ETH-USD,3594.87,0.00109281,2025-01-04 02:03:26.501875+00:00,SELL,,,
1069,590607372,ETH-USD,3595.85,0.00351762,2025-01-04 02:03:11.165445+00:00,SELL,,,
1070,590607331,ETH-USD,3592.98,0.00223916,2025-01-04 02:02:56.463076+00:00,SELL,,,
1071,590607295,ETH-USD,3593.42,0.13521376,2025-01-04 02:02:39.222257+00:00,SELL,,,
1072,590607255,ETH-USD,3594.42,0.00053948,2025-01-04 02:02:24.848976+00:00,BUY,,,
1073,590607204,ETH-USD,3594.77,0.00014459,2025-01-04 02:02:08.512154+00:00,SELL,,,
1074,590607137,ETH-USD,3594.62,0.00030621,2025-01-04 02:01:52.534816+00:00,SELL,,,
1075,590607117,ETH-USD,3594.67,0.00033013,2025-01-04 02:01:37.852642+00:00,BUY,,,
1076,590607078,ETH-USD,3595.06,0.02781517,2025-01-04 02:01:22.864231+00:00,SELL,,,
1077,590607000,ETH-USD,3594.82,0.02809473,2025-01-04 02:01:07.767269+00:00,BUY,,,
1078,590606967,ETH-USD,3594.93,0.03752435,2025-01-04 02:00:52.301192+00:00,SELL,,,
1079,590606944,ETH-USD,3594.93,0.09454753,2025-01-04 02:00:37.552149+00:00,SELL,,,
1080,590606912,ETH-USD,3594.97,0.00027815,2025-01-04 02:00:21.991123+00:00,BUY,,,
1081,590606877,ETH-USD,3594.92,0.00067884,2025-01-04 02:00:06.798484+00:00,BUY,,,
1082,590606854,ETH-USD,3595.14,0.00152491,2025-01-04 01:59:50.706123+00:00,SELL,,,
1083,590606829,ETH-USD,3595.24,0.00352778,2025-01-04 01:59:35.709383+00:00,SELL,,,
1084,590606807,ETH-USD,3595.23,0.0018818,2025-01-04 01:59:20.918358+00:00,BUY,,,
1085,590606785,ETH-USD,3595.42,0.0005459,2025-01-04 01:59:05.298301+00:00,SELL,,,
1086,590606763,ETH-USD,3595.91,0.00049272,2025-01-04 01:58:50.816358+00:00,BUY,,,
1087,590606724,ETH-USD,3596.18,0.00124964,2025-01-04 01:58:34.983846+00:00,SELL,,,
1088,590606696,ETH-USD,3596.55,0.02072725,2025-01-04 01:58:19.904371+00:00,SELL,,,
1089,590606632,ETH-USD,3597.01,0.00183582,2025-01-04 01:58:04.958060+00:00,SELL,,,
1090,590606597,ETH-USD,3597.02,0.52795502,2025-01-04 01:57:48.824037+00:00,BUY,,,
1091,590606538,ETH-USD,3595.37,0.27015912,2025-01-04 01:57:33.551596+00:00,SELL,,,
1092,590606505,ETH-USD,3595.48,0.00140475,2025-01-04 01:57:18.406381+00:00,SELL,,,
1093,590606471,ETH-USD,3595.34,0.53260142,2025-01-04 01:57:03.423537+00:00,SELL,,,
1094,590606438,ETH-USD,3595.4,0.00647273,2025-01-04 01:56:46.555545+00:00,SELL,,,
1095,590606424,ETH-USD,3595.57,0.05275661,2025-01-04 01:56:31.833622+00:00,SELL,,,
1096,590606388,ETH-USD,3595.76,1.35430888,2025-01-04 01:56:15.385231+00:00,BUY,,,
1097,590606338,ETH-USD,3595.47,0.00137253,2025-01-04 01:56:00.266756+00:00,SELL,,,
1098,590606311,ETH-USD,3595.23,0.00010287,2025-01-04 01:55:45.686763+00:00,SELL,,,
1099,590606296,ETH-USD,3596.06,0.496,2025-01-04 01:55:30.961987+00:00,BUY,,,
1100,590606236,ETH-USD,3595.32,0.01810507,2025-01-04 01:55:13.995502+00:00,SELL,,,
1101,590606201,ETH-USD,3595.46,0.001,2025-01-04 01:54:58.564334+00:00,SELL,,,
1102,590606180,ETH-USD,3595.13,0.01390955,2025-01-04 01:54:43.916457+00:00,SELL,,,
1103,590606154,ETH-USD,3595.17,0.02026291,2025-01-04 01:54:26.915799+00:00,SELL,,,
1104,590606111,ETH-USD,3595.5,0.01322146,2025-01-04 01:54:07.567497+00:00,SELL,,,
1105,590606071,ETH-USD,3594.88,0.02265133,2025-01-04 01:53:51.505583+00:00,SELL,,,
1106,590606033,ETH-USD,3595.15,0.04027498,2025-01-04 01:53:36.689746+00:00,SELL,,,
1107,590605995,ETH-USD,3594.68,0.00248182,2025-01-04 01:53:21.798919+00:00,SELL,,,
1108,386991635,ETH-USD,3593.5,0.86313707,2025-01-04 01:53:06.972000+00:00,BUY,,,
1109,590605935,ETH-USD,3593.94,0.00538467,2025-01-04 01:52:50.977676+00:00,SELL,,,
1110,590605907,ETH-USD,3592.92,2.38661268,2025-01-04 01:52:35.800274+00:00,SELL,,,
1111,590605883,ETH-USD,3591.78,0.00075625,2025-01-04 01:52:20.953668+00:00,SELL,,,
1112,590605847,ETH-USD,3591.82,0.00346539,2025-01-04 01:52:03.238798+00:00,BUY,,,
1113,590605813,ETH-USD,3592.94,0.05281242,2025-01-04 01:51:46.601843+00:00,SELL,,,
1114,590605766,ETH-USD,3592.04,0.0001392,2025-01-04 01:51:30.540310+00:00,SELL,,,
1115,590605728,ETH-USD,3591.0,0.00022527,2025-01-04 01:51:15.800535+00:00,BUY,,,
1116,590605699,ETH-USD,3590.75,0.00346642,2025-01-04 01:51:00.653189+00:00,BUY,,,
1117,590605653,ETH-USD,3590.98,0.0016024,2025-01-04 01:50:45.713519+00:00,BUY,,,
1118,590605629,ETH-USD,3590.71,0.06519868,2025-01-04 01:50:30.144943+00:00,BUY,,,
1119,590605592,ETH-USD,3591.07,0.0696018,2025-01-04 01:50:13.537446+00:00,BUY,,,
1120,590605564,ETH-USD,3590.99,0.00044464,2025-01-04 01:49:58.969774+00:00,SELL,,,
1121,590605540,ETH-USD,3591.0,0.00078672,2025-01-04 01:49:43.748594+00:00,SELL,,,
1122,590605519,ETH-USD,3591.0,0.00129554,2025-01-04 01:49:28.751270+00:00,SELL,,,
1123,590605491,ETH-USD,3590.99,0.41567481,2025-01-04 01:49:13.579368+00:00,BUY,,,
1124,590605456,ETH-USD,3591.64,0.00042822,2025-01-04 01:48:58.843286+00:00,BUY,,,
1125,590605414,ETH-USD,3591.59,0.30472,2025-01-04 01:48:41.099689+00:00,SELL,,,
1126,590605389,ETH-USD,3591.71,0.0034655,2025-01-04 01:48:26.547445+00:00,BUY,,,
1127,590605360,ETH-USD,3592.52,0.00305276,2025-01-04 01:48:11.624049+00:00,BUY,,,
1128,590605321,ETH-USD,3592.88,0.001,2025-01-04 01:47:56.028769+00:00,SELL,,,
1129,590605271,ETH-USD,3592.27,0.00081757,2025-01-04 01:47:41.672529+00:00,SELL,,,
1130,590605248,ETH-USD,3592.0,0.00049415,2025-01-04 01:47:26.861797+00:00,BUY,,,
1131,590605215,ETH-USD,3591.34,0.0034527,2025-01-04 01:47:11.730382+00:00,BUY,,,
1132,590605183,ETH-USD,3591.18,0.02653415,2025-01-04 01:46:56.697150+00:00,SELL,,,
1133,590605140,ETH-USD,3591.41,0.37219944,2025-01-04 01:46:41.157690+00:00,SELL,,,
1134,590605117,ETH-USD,3591.65,0.02640636,2025-01-04 01:46:25.306941+00:00,SELL,,,
1135,590605093,ETH-USD,3592.1,0.00093632,2025-01-04 01:46:09.592042+00:00,SELL,,,
1136,590605066,ETH-USD,3591.89,0.03052872,2025-01-04 01:45:54.993119+00:00,SELL,,,
1137,590605025,ETH-USD,3591.05,0.00027033,2025-01-04 01:45:39.415780+00:00,SELL,,,
1138,590604982,ETH-USD,3591.6,0.64053678,2025-01-04 01:45:24.895505+00:00,BUY,,,
1139,590604965,ETH-USD,3591.7,0.00551147,2025-01-04 01:45:09.704767+00:00,SELL,,,
1140,590604941,ETH-USD,3592.51,0.0018445,2025-01-04 01:44:54.931532+00:00,SELL,,,
1141,590604885,ETH-USD,3591.84,0.01392153,2025-01-04 01:44:39.421638+00:00,BUY,,,
1142,590604858,ETH-USD,3591.56,0.00216161,2025-01-04 01:44:23.113611+00:00,SELL,,,
1143,590604824,ETH-USD,3591.38,0.00057371,2025-01-04 01:44:08.971543+00:00,SELL,,,
1144,590604791,ETH-USD,3590.92,0.00020755,2025-01-04 01:43:53.382481+00:00,SELL,,,
1145,590604717,ETH-USD,3592.0,0.28403941,2025-01-04 01:43:38.853692+00:00,SELL,,,
1146,590604682,ETH-USD,3592.33,0.00040546,2025-01-04 01:43:23.346783+00:00,SELL,,,
1147,590604649,ETH-USD,3592.38,0.00551412,2025-01-04 01:43:08.254514+00:00,SELL,,,
1148,590604600,ETH-USD,3592.0,0.07030018,2025-01-04 01:42:53.647199+00:00,BUY,,,
1149,590604575,ETH-USD,3592.8,0.0029473,2025-01-04 01:42:38.870845+00:00,SELL,,,
1150,590604522,ETH-USD,3590.65,0.00163155,2025-01-04 01:42:22.875665+00:00,SELL,,,
1151,590604474,ETH-USD,3590.58,0.0082,2025-01-04 01:42:07.587871+00:00,SELL,,,
1152,590604448,ETH-USD,3590.78,0.00689283,2025-01-04 01:41:52.789451+00:00,SELL,,,
1153,590604409,ETH-USD,3590.4,0.00883638,2025-01-04 01:41:37.956776+00:00,SELL,,,
1154,590604348,ETH-USD,3590.92,0.02641445,2025-01-04 01:41:21.957736+00:00,SELL,,,
1155,590604306,ETH-USD,3590.38,0.00141948,2025-01-04 01:41:05.915392+00:00,SELL,,,
1156,590604282,ETH-USD,3590.52,0.00238503,2025-01-04 01:40:50.933549+00:00,SELL,,,
1157,590604241,ETH-USD,3591.73,0.00118536,2025-01-04 01:40:35.008659+00:00,BUY,,,
1158,590604203,ETH-USD,3591.78,0.09506104,2025-01-04 01:40:19.702421+00:00,BUY,,,
1159,590604160,ETH-USD,3591.74,0.01106504,2025-01-04 01:40:04.545529+00:00,SELL,,,
1160,590604127,ETH-USD,3592.26,0.0382884,2025-01-04 01:39:48.813789+00:00,SELL,,,
1161,590604087,ETH-USD,3592.2,0.00344492,2025-01-04 01:39:33.957977+00:00,SELL,,,
1162,590604061,ETH-USD,3591.88,0.0229,2025-01-04 01:39:18.616644+00:00,SELL,,,
1163,590604017,ETH-USD,3591.22,0.001,2025-01-04 01:39:01.864356+00:00,SELL,,,
1164,590603993,ETH-USD,3591.71,0.2,2025-01-04 01:38:46.586271+00:00,SELL,,,
1165,590603966,ETH-USD,3592.92,0.00011406,2025-01-04 01:38:31.791673+00:00,SELL,,,
1166,590603920,ETH-USD,3592.83,0.00026406,2025-01-04 01:38:16.529156+00:00,BUY,,,
1167,590603885,ETH-USD,3591.68,0.00027843,2025-01-04 01:38:01.909350+00:00,BUY,,,
1168,590603851,ETH-USD,3591.02,0.00344593,2025-01-04 01:37:46.579914+00:00,BUY,,,
1169,590603824,ETH-USD,3590.49,0.02068603,2025-01-04 01:37:31.004556+00:00,SELL,,,
1170,590603803,ETH-USD,3589.6,0.05595666,2025-01-04 01:37:16.491364+00:00,SELL,,,
1171,590603763,ETH-USD,3589.44,0.00344033,2025-01-04 01:37:01.283781+00:00,SELL,,,
1172,590603735,ETH-USD,3590.27,0.00343942,2025-01-04 01:36:45.444127+00:00,SELL,,,
1173,590603704,ETH-USD,3590.1,0.00001438,2025-01-04 01:36:29.963431+00:00,SELL,,,
1174,590603671,ETH-USD,3590.71,0.00343901,2025-01-04 01:36:14.908533+00:00,BUY,,,
1175,590603641,ETH-USD,3590.48,0.00035371,2025-01-04 01:35:58.265166+00:00,SELL,,,
1176,590603614,ETH-USD,3590.6,1.12981863,2025-01-04 01:35:42.623537+00:00,BUY,,,
1177,590603570,ETH-USD,3591.98,0.00001087,2025-01-04 01:35:25.150490+00:00,SELL,,,
1178,590603528,ETH-USD,3590.88,0.00343885,2025-01-04 01:35:10.888046+00:00,BUY,,,
1179,590603493,ETH-USD,3591.59,0.00343817,2025-01-04 01:34:55.842140+00:00,BUY,,,
1180,590603456,ETH-USD,3591.46,0.07167521,2025-01-04 01:34:40.373371+00:00,SELL,,,
1181,590603409,ETH-USD,3590.54,0.00286957,2025-01-04 01:34:25.362521+00:00,BUY,,,
1182,590603362,ETH-USD,3590.89,0.0056825,2025-01-04 01:34:09.067200+00:00,SELL,,,
1183,590603337,ETH-USD,3590.99,0.02393314,2025-01-04 01:33:54.918450+00:00,BUY,,,
1184,590603304,ETH-USD,3591.29,0.00162634,2025-01-04 01:33:37.721888+00:00,SELL,,,
1185,590603253,ETH-USD,3591.43,0.00154653,2025-01-04 01:33:21.340599+00:00,SELL,,,
1186,590603219,ETH-USD,3590.83,0.0034389,2025-01-04 01:33:06.668827+00:00,BUY,,,
1187,590603179,ETH-USD,3591.36,0.00555571,2025-01-04 01:32:51.397893+00:00,SELL,,,
1188,590603128,ETH-USD,3591.0,0.37848549,2025-01-04 01:32:36.909729+00:00,SELL,,,
1189,590603091,ETH-USD,3590.76,0.01323584,2025-01-04 01:32:21.545378+00:00,SELL,,,
1190,590603059,ETH-USD,3590.61,0.00248438,2025-01-04 01:32:06.548865+00:00,SELL,,,
1191,590603021,ETH-USD,3590.41,0.27064367,2025-01-04 01:31:51.087254+00:00,SELL,,,
1192,590602991,ETH-USD,3591.07,0.00648499,2025-01-04 01:31:36.961934+00:00,SELL,,,
1193,590602958,ETH-USD,3589.82,0.1969197,2025-01-04 01:31:21.007368+00:00,SELL,,,
1194,590602928,ETH-USD,3589.16,0.00018495,2025-01-04 01:31:06.551466+00:00,SELL,,,
1195,590602868,ETH-USD,3590.38,0.00257697,2025-01-04 01:30:51.802735+00:00,SELL,,,
1196,590602831,ETH-USD,3590.53,0.00045101,2025-01-04 01:30:36.925604+00:00,BUY,,,
1197,590602797,ETH-USD,3592.27,0.00248256,2025-01-04 01:30:21.327607+00:00,SELL,,,
1198,590602749,ETH-USD,3593.12,0.00332239,2025-01-04 01:30:05.273767+00:00,SELL,,,
1199,590602718,ETH-USD,3593.5,0.02640143,2025-01-04 01:29:50.683929+00:00,SELL,,,
1200,590602655,ETH-USD,3593.07,0.00002399,2025-01-04 01:29:35.027850+00:00,BUY,,,
1201,590602632,ETH-USD,3592.94,0.13199229,2025-01-04 01:29:20.503885+00:00,SELL,,,
1202,590602608,ETH-USD,3592.97,0.00088279,2025-01-04 01:29:05.406776+00:00,SELL,,,
1203,590602559,ETH-USD,3593.43,0.00250432,2025-01-04 01:28:50.999213+00:00,SELL,,,
1204,590602410,ETH-USD,3593.01,0.00027822,2025-01-04 01:28:35.245179+00:00,BUY,,,
1205,590602381,ETH-USD,3593.33,0.00043892,2025-01-04 01:28:20.714242+00:00,SELL,,,
1206,590602350,ETH-USD,3594.68,0.00201137,2025-01-04 01:28:05.463209+00:00,SELL,,,
1207,590602308,ETH-USD,3594.27,0.02967779,2025-01-04 01:27:50.694022+00:00,BUY,,,
1208,590602286,ETH-USD,3593.68,0.27022301,2025-01-04 01:27:35.580764+00:00,SELL,,,
1209,590602261,ETH-USD,3593.65,0.00001668,2025-01-04 01:27:19.610834+00:00,SELL,,,
1210,590602238,ETH-USD,3593.26,0.124,2025-01-04 01:27:02.616275+00:00,BUY,,,
1211,590602202,ETH-USD,3593.43,0.054888,2025-01-04 01:26:47.269943+00:00,SELL,,,
1212,590602182,ETH-USD,3593.11,0.001,2025-01-04 01:26:32.767153+00:00,BUY,,,
1213,590602152,ETH-USD,3594.57,0.00262934,2025-01-04 01:26:17.902748+00:00,BUY,,,
1214,590602130,ETH-USD,3594.96,0.00647327,2025-01-04 01:26:01.501111+00:00,SELL,,,
