,trade_id,product_id,price,size,time,side,bid,ask,exchange
0,596800985,ETH-USD,3266.99,0.14358,2025-01-20 03:36:38.792845+00:00,SELL,,,
1,596800854,ETH-USD,3267.41,0.00054944,2025-01-20 03:36:23.952515+00:00,SELL,,,
2,596800620,ETH-USD,3264.87,0.00290051,2025-01-20 03:36:08.906576+00:00,BUY,,,
3,596800402,ETH-USD,3267.72,0.0007427,2025-01-20 03:35:53.858125+00:00,SELL,,,
4,596800228,ETH-USD,3268.47,0.0037715,2025-01-20 03:35:38.233545+00:00,SELL,,,
5,596800013,ETH-USD,3262.79,0.00065609,2025-01-20 03:35:23.904115+00:00,SELL,,,
6,596799838,ETH-USD,3261.56,0.00377902,2025-01-20 03:35:08.885748+00:00,SELL,,,
7,596799638,ETH-USD,3257.38,0.01,2025-01-20 03:34:53.991059+00:00,SELL,,,
8,596799513,ETH-USD,3254.88,0.00378676,2025-01-20 03:34:38.914212+00:00,BUY,,,
9,596799207,ETH-USD,3259.4,0.00378206,2025-01-20 03:34:23.752359+00:00,SELL,,,
10,596799052,ETH-USD,3259.39,0.00378152,2025-01-20 03:34:08.960872+00:00,SELL,,,
11,596798881,ETH-USD,3253.75,0.07615431,2025-01-20 03:33:53.884673+00:00,SELL,,,
12,596798688,ETH-USD,3254.67,0.02931753,2025-01-20 03:33:38.961945+00:00,SELL,,,
13,596798481,ETH-USD,3251.26,0.00220922,2025-01-20 03:33:23.715332+00:00,BUY,,,
14,391546234,ETH-USD,3251.1,0.00870474,2025-01-20 03:33:08.877000+00:00,SELL,,,
15,596798192,ETH-USD,3249.27,0.001,2025-01-20 03:32:53.982819+00:00,SELL,,,
16,596798089,ETH-USD,3250.71,0.00228973,2025-01-20 03:32:38.978563+00:00,BUY,,,
17,596797987,ETH-USD,3250.4,0.001,2025-01-20 03:32:23.749503+00:00,SELL,,,
18,596797809,ETH-USD,3248.38,0.06149,2025-01-20 03:32:08.761285+00:00,BUY,,,
19,596797706,ETH-USD,3247.07,0.0067922,2025-01-20 03:31:53.724997+00:00,SELL,,,
20,596797549,ETH-USD,3246.67,0.00316277,2025-01-20 03:31:38.658115+00:00,SELL,,,
21,596797368,ETH-USD,3242.75,0.04467608,2025-01-20 03:31:23.924661+00:00,SELL,,,
22,596797224,ETH-USD,3242.67,0.00311017,2025-01-20 03:31:08.936001+00:00,SELL,,,
23,596797097,ETH-USD,3240.72,0.00275142,2025-01-20 03:30:53.978683+00:00,SELL,,,
24,596796919,ETH-USD,3243.7,0.00352237,2025-01-20 03:30:38.871701+00:00,SELL,,,
25,596796777,ETH-USD,3247.1,0.0035186,2025-01-20 03:30:23.373127+00:00,BUY,,,
26,596796608,ETH-USD,3243.71,3.08289394,2025-01-20 03:30:08.885017+00:00,SELL,,,
27,596796385,ETH-USD,3244.36,0.00152516,2025-01-20 03:29:53.997505+00:00,SELL,,,
28,596796276,ETH-USD,3244.49,0.00352127,2025-01-20 03:29:38.735926+00:00,SELL,,,
29,596796131,ETH-USD,3243.51,0.001,2025-01-20 03:29:23.764059+00:00,SELL,,,
30,596795978,ETH-USD,3244.09,0.00244647,2025-01-20 03:29:08.932997+00:00,SELL,,,
31,596795824,ETH-USD,3240.68,0.00273138,2025-01-20 03:28:53.814200+00:00,SELL,,,
32,596795740,ETH-USD,3241.66,0.01,2025-01-20 03:28:38.698921+00:00,BUY,,,
33,596795574,ETH-USD,3244.1,0.00032542,2025-01-20 03:28:23.524492+00:00,SELL,,,
34,596795415,ETH-USD,3241.88,0.00332808,2025-01-20 03:28:08.953385+00:00,BUY,,,
35,596795271,ETH-USD,3243.44,0.04386134,2025-01-20 03:27:53.996574+00:00,SELL,,,
36,596795173,ETH-USD,3244.0,0.00332505,2025-01-20 03:27:38.093804+00:00,SELL,,,
37,596795024,ETH-USD,3244.4,0.00671268,2025-01-20 03:27:23.777940+00:00,SELL,,,
38,596794911,ETH-USD,3245.79,0.01,2025-01-20 03:27:08.977442+00:00,BUY,,,
39,596794766,ETH-USD,3243.38,0.6164829,2025-01-20 03:26:53.363393+00:00,BUY,,,
40,596794665,ETH-USD,3245.0,0.00079987,2025-01-20 03:26:38.500570+00:00,SELL,,,
41,596794489,ETH-USD,3246.55,0.14954372,2025-01-20 03:26:23.845894+00:00,SELL,,,
42,2025-01-20T03:26:08.581Z-ETH/USD-3249.863-0.11,ETH-USD,3249.863,0.11,2025-01-20 03:26:08.581000+00:00,UNKNOWN_ORDER_SIDE,,,
43,596794172,ETH-USD,3252.32,0.00069502,2025-01-20 03:25:53.564054+00:00,SELL,,,
44,596793958,ETH-USD,3252.28,0.01,2025-01-20 03:25:38.625705+00:00,BUY,,,
45,596793872,ETH-USD,3249.29,0.0033196,2025-01-20 03:25:23.986819+00:00,SELL,,,
46,596793716,ETH-USD,3249.82,0.6,2025-01-20 03:25:08.816202+00:00,SELL,,,
47,596793464,ETH-USD,3251.69,0.00331839,2025-01-20 03:24:53.092862+00:00,SELL,,,
48,596793334,ETH-USD,3251.34,0.00285437,2025-01-20 03:24:38.944635+00:00,SELL,,,
49,596793159,ETH-USD,3251.48,0.00061414,2025-01-20 03:24:23.961230+00:00,BUY,,,
50,596792986,ETH-USD,3254.29,1.1137,2025-01-20 03:24:08.858763+00:00,BUY,,,
51,596792754,ETH-USD,3256.95,0.00259706,2025-01-20 03:23:53.970382+00:00,BUY,,,
52,596792605,ETH-USD,3257.69,0.35255,2025-01-20 03:23:38.736685+00:00,SELL,,,
53,596792478,ETH-USD,3256.23,0.008,2025-01-20 03:23:23.737907+00:00,SELL,,,
54,596792352,ETH-USD,3254.01,0.00199062,2025-01-20 03:23:08.852852+00:00,BUY,,,
55,596792149,ETH-USD,3255.87,0.32336682,2025-01-20 03:22:53.956370+00:00,SELL,,,
56,596791992,ETH-USD,3258.54,0.04981076,2025-01-20 03:22:38.818797+00:00,SELL,,,
57,596791813,ETH-USD,3258.04,0.001,2025-01-20 03:22:23.828574+00:00,SELL,,,
58,596791667,ETH-USD,3256.95,0.2255288,2025-01-20 03:22:08.856268+00:00,SELL,,,
59,596791496,ETH-USD,3258.36,0.00319913,2025-01-20 03:21:53.377137+00:00,BUY,,,
60,596791324,ETH-USD,3261.74,0.00000097,2025-01-20 03:21:38.715279+00:00,BUY,,,
61,596791118,ETH-USD,3265.4,0.01,2025-01-20 03:21:23.954711+00:00,BUY,,,
62,596790974,ETH-USD,3269.92,0.52937645,2025-01-20 03:21:08.991960+00:00,BUY,,,
63,596790782,ETH-USD,3270.36,5.05142209,2025-01-20 03:20:53.978443+00:00,BUY,,,
64,596790610,ETH-USD,3270.86,0.00035758,2025-01-20 03:20:38.918212+00:00,BUY,,,
65,2025-01-20T03:20:23.875Z-ETH/USD-3271.85-0.39,ETH-USD,3271.85,0.39,2025-01-20 03:20:23.875000+00:00,UNKNOWN_ORDER_SIDE,,,
66,596790201,ETH-USD,3264.46,0.01,2025-01-20 03:20:08.879896+00:00,BUY,,,
67,596789943,ETH-USD,3263.2,0.65945185,2025-01-20 03:19:53.894208+00:00,BUY,,,
68,596789643,ETH-USD,3264.99,0.00421683,2025-01-20 03:19:38.773323+00:00,SELL,,,
69,596789557,ETH-USD,3264.0,0.14897533,2025-01-20 03:19:23.968446+00:00,SELL,,,
70,596789460,ETH-USD,3260.91,0.17846656,2025-01-20 03:19:08.892850+00:00,SELL,,,
71,596789311,ETH-USD,3263.52,0.00138464,2025-01-20 03:18:53.651857+00:00,BUY,,,
72,596789208,ETH-USD,3263.58,0.00040168,2025-01-20 03:18:38.789305+00:00,SELL,,,
73,596789053,ETH-USD,3261.15,0.102,2025-01-20 03:18:23.773921+00:00,SELL,,,
74,596788914,ETH-USD,3261.19,0.01730875,2025-01-20 03:18:08.950481+00:00,SELL,,,
75,596788741,ETH-USD,3260.17,0.01002457,2025-01-20 03:17:53.913427+00:00,SELL,,,
76,596788656,ETH-USD,3260.18,0.50508,2025-01-20 03:17:38.829808+00:00,SELL,,,
77,596788498,ETH-USD,3257.19,0.08460839,2025-01-20 03:17:23.835688+00:00,SELL,,,
78,596788372,ETH-USD,3254.81,0.00327899,2025-01-20 03:17:08.772595+00:00,BUY,,,
79,596788185,ETH-USD,3260.37,0.56368711,2025-01-20 03:16:53.375291+00:00,SELL,,,
80,596788038,ETH-USD,3262.33,0.00183921,2025-01-20 03:16:38.908657+00:00,BUY,,,
81,596787733,ETH-USD,3256.8,1.25415,2025-01-20 03:16:23.546232+00:00,SELL,,,
82,596787566,ETH-USD,3254.75,0.04452619,2025-01-20 03:16:08.977848+00:00,SELL,,,
83,2025-01-20T03:15:53.973Z-ETH/USD-3251.564-0.03,ETH-USD,3251.564,0.03,2025-01-20 03:15:53.973000+00:00,UNKNOWN_ORDER_SIDE,,,
84,596787206,ETH-USD,3248.72,0.00122292,2025-01-20 03:15:38.582477+00:00,SELL,,,
85,596787067,ETH-USD,3244.37,0.28254,2025-01-20 03:15:23.998292+00:00,SELL,,,
86,596786939,ETH-USD,3247.96,0.00053036,2025-01-20 03:15:08.751283+00:00,SELL,,,
87,596786745,ETH-USD,3248.38,0.0033863,2025-01-20 03:14:53.685999+00:00,BUY,,,
88,596786548,ETH-USD,3252.37,1.45039273,2025-01-20 03:14:38.985025+00:00,SELL,,,
89,596786358,ETH-USD,3248.64,0.001,2025-01-20 03:14:23.918337+00:00,SELL,,,
90,596786191,ETH-USD,3244.92,0.00188829,2025-01-20 03:14:08.825503+00:00,BUY,,,
91,2025-01-20T03:13:53.648Z-ETH/USD-3244.45-0.2,ETH-USD,3244.45,0.2,2025-01-20 03:13:53.648000+00:00,UNKNOWN_ORDER_SIDE,,,
92,596785874,ETH-USD,3243.55,0.00261703,2025-01-20 03:13:38.981427+00:00,SELL,,,
93,596785755,ETH-USD,3242.17,0.00059726,2025-01-20 03:13:23.440263+00:00,SELL,,,
94,596785626,ETH-USD,3241.63,0.00152615,2025-01-20 03:13:08.684351+00:00,SELL,,,
95,596785491,ETH-USD,3239.98,0.00034936,2025-01-20 03:12:53.564971+00:00,SELL,,,
96,596785348,ETH-USD,3237.92,0.00054626,2025-01-20 03:12:38.722240+00:00,BUY,,,
97,596785198,ETH-USD,3235.53,0.0007792,2025-01-20 03:12:23.501606+00:00,BUY,,,
98,596785038,ETH-USD,3238.42,0.32545622,2025-01-20 03:12:08.993570+00:00,BUY,,,
99,596784869,ETH-USD,3236.97,0.39663,2025-01-20 03:11:53.859309+00:00,SELL,,,
100,391541157,ETH-USD,3237.7,0.00372586,2025-01-20 03:11:38.904000+00:00,SELL,,,
101,596784617,ETH-USD,3238.23,0.00008268,2025-01-20 03:11:23.984703+00:00,SELL,,,
102,596784481,ETH-USD,3239.84,0.3812602,2025-01-20 03:11:08.924192+00:00,BUY,,,
103,596784303,ETH-USD,3240.73,0.00321186,2025-01-20 03:10:53.786624+00:00,SELL,,,
104,596784184,ETH-USD,3240.86,0.00085686,2025-01-20 03:10:38.995703+00:00,SELL,,,
105,596784075,ETH-USD,3237.75,0.93401365,2025-01-20 03:10:23.521747+00:00,SELL,,,
106,596783947,ETH-USD,3237.34,0.06764,2025-01-20 03:10:08.854837+00:00,SELL,,,
107,596783777,ETH-USD,3236.9,0.00169032,2025-01-20 03:09:53.890579+00:00,BUY,,,
108,391540838,ETH-USD,3239.0,0.00534115,2025-01-20 03:09:38.877000+00:00,SELL,,,
109,596783564,ETH-USD,3234.29,0.01907953,2025-01-20 03:09:23.301584+00:00,SELL,,,
110,596783425,ETH-USD,3235.5,0.00080852,2025-01-20 03:09:08.981015+00:00,BUY,,,
111,596783235,ETH-USD,3239.87,0.00321328,2025-01-20 03:08:53.997924+00:00,SELL,,,
112,596783113,ETH-USD,3239.39,0.00072424,2025-01-20 03:08:38.813172+00:00,BUY,,,
113,596782933,ETH-USD,3243.0,0.00067317,2025-01-20 03:08:23.922002+00:00,BUY,,,
114,596782771,ETH-USD,3241.25,0.00354152,2025-01-20 03:08:08.286738+00:00,SELL,,,
115,596782626,ETH-USD,3239.96,0.00550481,2025-01-20 03:07:53.955320+00:00,SELL,,,
116,596782458,ETH-USD,3238.37,0.00333624,2025-01-20 03:07:38.954953+00:00,BUY,,,
117,596782302,ETH-USD,3236.9,0.00938215,2025-01-20 03:07:23.651525+00:00,SELL,,,
118,596782159,ETH-USD,3239.32,0.13384342,2025-01-20 03:07:08.934298+00:00,SELL,,,
119,596781997,ETH-USD,3241.42,0.01,2025-01-20 03:06:53.898901+00:00,BUY,,,
120,596781810,ETH-USD,3244.13,1.54124539,2025-01-20 03:06:38.937043+00:00,SELL,,,
121,596781645,ETH-USD,3242.85,0.02695602,2025-01-20 03:06:23.878948+00:00,SELL,,,
122,596781447,ETH-USD,3241.81,0.00815609,2025-01-20 03:06:08.856753+00:00,SELL,,,
123,596781268,ETH-USD,3241.08,0.00144838,2025-01-20 03:05:53.856476+00:00,SELL,,,
124,391538519,ETH-USD,3235.2,0.00016352,2025-01-20 03:05:38.500000+00:00,SELL,,,
125,596781002,ETH-USD,3234.53,0.01,2025-01-20 03:05:23.953978+00:00,BUY,,,
126,596780850,ETH-USD,3238.14,0.00030866,2025-01-20 03:05:08.818922+00:00,SELL,,,
127,596780693,ETH-USD,3239.65,0.00611776,2025-01-20 03:04:53.412146+00:00,SELL,,,
128,596780563,ETH-USD,3235.23,0.00031845,2025-01-20 03:04:38.706983+00:00,SELL,,,
129,596780396,ETH-USD,3239.1,0.01,2025-01-20 03:04:23.809544+00:00,SELL,,,
130,596780264,ETH-USD,3240.73,0.00098958,2025-01-20 03:04:08.935195+00:00,SELL,,,
131,596780107,ETH-USD,3238.98,0.00276443,2025-01-20 03:03:53.902354+00:00,BUY,,,
132,596779922,ETH-USD,3233.44,0.0034826,2025-01-20 03:03:38.963816+00:00,BUY,,,
133,596779753,ETH-USD,3235.64,0.00172096,2025-01-20 03:03:23.939047+00:00,BUY,,,
134,596779596,ETH-USD,3229.17,0.001,2025-01-20 03:03:08.969547+00:00,BUY,,,
135,596779454,ETH-USD,3230.35,0.00079068,2025-01-20 03:02:53.818984+00:00,SELL,,,
136,596779315,ETH-USD,3231.12,0.01,2025-01-20 03:02:38.894468+00:00,SELL,,,
137,596779201,ETH-USD,3225.21,0.001,2025-01-20 03:02:23.993379+00:00,BUY,,,
138,596779027,ETH-USD,3227.34,0.00154974,2025-01-20 03:02:08.921863+00:00,BUY,,,
139,596778714,ETH-USD,3228.61,0.001,2025-01-20 03:01:53.739747+00:00,BUY,,,
140,596778540,ETH-USD,3229.81,0.01757783,2025-01-20 03:01:38.996632+00:00,SELL,,,
141,596778354,ETH-USD,3232.16,0.0030559,2025-01-20 03:01:23.547255+00:00,SELL,,,
142,596778202,ETH-USD,3234.86,0.02521571,2025-01-20 03:01:08.631506+00:00,SELL,,,
143,596778040,ETH-USD,3239.35,0.01588569,2025-01-20 03:00:53.931691+00:00,SELL,,,
144,596777831,ETH-USD,3235.99,0.001,2025-01-20 03:00:38.961045+00:00,BUY,,,
145,596777642,ETH-USD,3237.0,0.01145713,2025-01-20 03:00:23.790462+00:00,BUY,,,
146,596777425,ETH-USD,3242.51,0.08825172,2025-01-20 03:00:08.136106+00:00,SELL,,,
147,596777225,ETH-USD,3241.16,0.00109154,2025-01-20 02:59:53.970651+00:00,BUY,,,
148,596776975,ETH-USD,3244.08,0.01095022,2025-01-20 02:59:38.933513+00:00,SELL,,,
149,596776813,ETH-USD,3243.33,0.0232627,2025-01-20 02:59:23.927533+00:00,SELL,,,
150,596776660,ETH-USD,3247.15,0.00165483,2025-01-20 02:59:08.552002+00:00,BUY,,,
151,596776488,ETH-USD,3249.96,0.23351,2025-01-20 02:58:53.456285+00:00,BUY,,,
152,596776253,ETH-USD,3248.5,0.0000067,2025-01-20 02:58:38.916934+00:00,SELL,,,
153,596776086,ETH-USD,3243.76,0.03111715,2025-01-20 02:58:23.943777+00:00,BUY,,,
154,596775977,ETH-USD,3246.34,0.00513332,2025-01-20 02:58:08.866668+00:00,BUY,,,
155,596775810,ETH-USD,3246.6,0.01,2025-01-20 02:57:53.816156+00:00,BUY,,,
156,596775680,ETH-USD,3246.83,0.00071126,2025-01-20 02:57:38.859296+00:00,SELL,,,
157,596775519,ETH-USD,3249.72,0.00505493,2025-01-20 02:57:23.838163+00:00,BUY,,,
158,596775337,ETH-USD,3251.1,0.00411356,2025-01-20 02:57:08.945515+00:00,SELL,,,
159,596775076,ETH-USD,3252.27,0.00563583,2025-01-20 02:56:53.927398+00:00,SELL,,,
160,596774906,ETH-USD,3250.83,0.01313818,2025-01-20 02:56:38.982667+00:00,BUY,,,
161,596774706,ETH-USD,3247.83,0.00178495,2025-01-20 02:56:23.683747+00:00,SELL,,,
162,596774517,ETH-USD,3243.22,1.0620299,2025-01-20 02:56:08.900740+00:00,SELL,,,
163,596774285,ETH-USD,3237.89,0.00000344,2025-01-20 02:55:53.772803+00:00,SELL,,,
164,596774048,ETH-USD,3242.07,0.00041178,2025-01-20 02:55:38.251647+00:00,SELL,,,
165,596773897,ETH-USD,3243.13,0.0074278,2025-01-20 02:55:23.872853+00:00,SELL,,,
166,391531326,ETH-USD,3238.8,0.01141406,2025-01-20 02:55:08.990000+00:00,BUY,,,
167,596773524,ETH-USD,3241.7,1.54240462,2025-01-20 02:54:53.993335+00:00,SELL,,,
168,596773182,ETH-USD,3243.84,0.00205928,2025-01-20 02:54:38.859804+00:00,BUY,,,
169,596773018,ETH-USD,3245.62,0.033,2025-01-20 02:54:23.805297+00:00,SELL,,,
170,596772829,ETH-USD,3248.05,0.00280689,2025-01-20 02:54:08.987336+00:00,BUY,,,
171,596772672,ETH-USD,3253.8,0.01456696,2025-01-20 02:53:53.995390+00:00,SELL,,,
172,596772503,ETH-USD,3256.89,0.00372412,2025-01-20 02:53:38.792899+00:00,BUY,,,
173,596772384,ETH-USD,3257.31,0.00000953,2025-01-20 02:53:23.705382+00:00,SELL,,,
174,596772224,ETH-USD,3254.78,0.00971406,2025-01-20 02:53:07.444234+00:00,SELL,,,
175,596772098,ETH-USD,3255.87,0.00532269,2025-01-20 02:52:52.617819+00:00,BUY,,,
176,596771779,ETH-USD,3254.26,0.01,2025-01-20 02:52:37.737433+00:00,BUY,,,
177,596771555,ETH-USD,3253.78,0.00338068,2025-01-20 02:52:22.358618+00:00,SELL,,,
178,596771295,ETH-USD,3255.8,0.001,2025-01-20 02:52:07.916589+00:00,SELL,,,
179,596771106,ETH-USD,3250.06,0.01,2025-01-20 02:51:52.976878+00:00,BUY,,,
180,596770919,ETH-USD,3252.66,0.00338184,2025-01-20 02:51:37.950388+00:00,BUY,,,
181,596770698,ETH-USD,3256.51,0.00225814,2025-01-20 02:51:22.553696+00:00,BUY,,,
182,596770555,ETH-USD,3253.13,0.01,2025-01-20 02:51:07.976868+00:00,BUY,,,
183,596770370,ETH-USD,3254.76,0.00015798,2025-01-20 02:50:52.607885+00:00,BUY,,,
184,391528525,ETH-USD,3249.1,0.03305374,2025-01-20 02:50:37.939000+00:00,BUY,,,
185,2025-01-20T02:50:22.362Z-ETH/USD-3249.51-0.84,ETH-USD,3249.51,0.84,2025-01-20 02:50:22.362000+00:00,UNKNOWN_ORDER_SIDE,,,
186,391528371,ETH-USD,3244.1,0.01657977,2025-01-20 02:50:07.906000+00:00,BUY,,,
187,596769405,ETH-USD,3241.97,0.00339299,2025-01-20 02:49:52.987409+00:00,BUY,,,
188,596769247,ETH-USD,3241.76,0.0865238,2025-01-20 02:49:37.597038+00:00,SELL,,,
189,596769078,ETH-USD,3245.94,0.01606841,2025-01-20 02:49:22.678156+00:00,BUY,,,
190,596768795,ETH-USD,3241.12,0.00339388,2025-01-20 02:49:07.838620+00:00,BUY,,,
191,596768662,ETH-USD,3240.41,0.01,2025-01-20 02:48:52.804171+00:00,BUY,,,
192,596768529,ETH-USD,3242.21,0.00440859,2025-01-20 02:48:37.890220+00:00,BUY,,,
193,596768332,ETH-USD,3243.49,0.00305404,2025-01-20 02:48:22.976888+00:00,SELL,,,
194,596768089,ETH-USD,3241.38,0.01,2025-01-20 02:48:07.920165+00:00,BUY,,,
195,596767950,ETH-USD,3238.06,0.31914986,2025-01-20 02:47:52.906548+00:00,BUY,,,
196,596767741,ETH-USD,3237.23,0.5,2025-01-20 02:47:37.628249+00:00,SELL,,,
197,596767597,ETH-USD,3241.69,0.01,2025-01-20 02:47:22.812896+00:00,BUY,,,
198,596767419,ETH-USD,3239.26,0.00176385,2025-01-20 02:47:07.750713+00:00,BUY,,,
199,596767223,ETH-USD,3235.78,0.01,2025-01-20 02:46:52.986384+00:00,SELL,,,
200,596766983,ETH-USD,3237.76,0.08753063,2025-01-20 02:46:37.689141+00:00,BUY,,,
201,596766823,ETH-USD,3237.84,0.00124367,2025-01-20 02:46:22.845311+00:00,SELL,,,
202,391527581,ETH-USD,3235.5,0.00562509,2025-01-20 02:46:07.414000+00:00,SELL,,,
203,391527560,ETH-USD,3236.8,0.02045103,2025-01-20 02:45:52.893000+00:00,BUY,,,
204,596766138,ETH-USD,3231.0,0.00340451,2025-01-20 02:45:37.970572+00:00,BUY,,,
205,596766001,ETH-USD,3232.54,0.01,2025-01-20 02:45:22.531744+00:00,BUY,,,
206,596765794,ETH-USD,3231.78,0.001,2025-01-20 02:45:07.143010+00:00,BUY,,,
207,596765589,ETH-USD,3236.19,0.0187462,2025-01-20 02:44:52.049136+00:00,SELL,,,
208,596765480,ETH-USD,3233.56,0.00987635,2025-01-20 02:44:37.989990+00:00,SELL,,,
209,596765265,ETH-USD,3235.46,0.00000442,2025-01-20 02:44:22.987492+00:00,SELL,,,
210,596765109,ETH-USD,3239.64,0.0414908,2025-01-20 02:44:07.837570+00:00,SELL,,,
211,596764856,ETH-USD,3238.94,0.00168711,2025-01-20 02:43:52.739255+00:00,SELL,,,
212,596764671,ETH-USD,3236.07,0.04280858,2025-01-20 02:43:37.618735+00:00,SELL,,,
213,596764550,ETH-USD,3235.46,0.00333186,2025-01-20 02:43:22.947835+00:00,BUY,,,
214,391527060,ETH-USD,3231.6,0.01072087,2025-01-20 02:43:07.808000+00:00,BUY,,,
215,596764221,ETH-USD,3233.61,0.09572,2025-01-20 02:42:52.795799+00:00,BUY,,,
216,596764035,ETH-USD,3233.06,0.22,2025-01-20 02:42:37.856242+00:00,SELL,,,
217,596763759,ETH-USD,3236.19,0.00339712,2025-01-20 02:42:22.815238+00:00,SELL,,,
218,596763567,ETH-USD,3243.45,0.27903682,2025-01-20 02:42:07.397557+00:00,SELL,,,
219,596763294,ETH-USD,3243.44,0.0011,2025-01-20 02:41:52.720182+00:00,SELL,,,
220,596763062,ETH-USD,3246.05,0.00338873,2025-01-20 02:41:37.980566+00:00,BUY,,,
221,391526669,ETH-USD,3247.4,0.01194765,2025-01-20 02:41:22.927000+00:00,BUY,,,
222,596762682,ETH-USD,3246.07,0.36992338,2025-01-20 02:41:07.762338+00:00,SELL,,,
223,391526520,ETH-USD,3243.4,0.00894123,2025-01-20 02:40:52.940000+00:00,SELL,,,
224,391526456,ETH-USD,3247.0,0.01872812,2025-01-20 02:40:37.415000+00:00,BUY,,,
225,596762208,ETH-USD,3252.18,0.001,2025-01-20 02:40:22.729221+00:00,SELL,,,
226,596762054,ETH-USD,3251.12,1.16069174,2025-01-20 02:40:07.796058+00:00,SELL,,,
227,596761905,ETH-USD,3254.49,0.04082517,2025-01-20 02:39:52.876810+00:00,SELL,,,
228,596761759,ETH-USD,3252.69,0.003381,2025-01-20 02:39:37.642349+00:00,SELL,,,
229,596761624,ETH-USD,3252.22,0.01,2025-01-20 02:39:22.846517+00:00,SELL,,,
230,596761459,ETH-USD,3250.84,0.00096898,2025-01-20 02:39:07.972626+00:00,BUY,,,
231,596761282,ETH-USD,3251.23,0.0001326,2025-01-20 02:38:52.741053+00:00,SELL,,,
232,596761136,ETH-USD,3249.38,0.53578384,2025-01-20 02:38:37.979268+00:00,BUY,,,
233,596760933,ETH-USD,3253.61,0.00005532,2025-01-20 02:38:22.975780+00:00,BUY,,,
234,596760793,ETH-USD,3255.8,0.00008267,2025-01-20 02:38:07.958862+00:00,SELL,,,
235,596760609,ETH-USD,3255.04,0.01457304,2025-01-20 02:37:52.824246+00:00,SELL,,,
236,596760373,ETH-USD,3253.53,0.00109946,2025-01-20 02:37:37.971232+00:00,BUY,,,
237,596760148,ETH-USD,3254.8,0.15020796,2025-01-20 02:37:21.923045+00:00,BUY,,,
238,596760017,ETH-USD,3256.6,0.00011715,2025-01-20 02:37:06.892188+00:00,SELL,,,
239,596759764,ETH-USD,3257.76,0.61466635,2025-01-20 02:36:51.832184+00:00,SELL,,,
240,596759444,ETH-USD,3261.31,0.5387272,2025-01-20 02:36:36.923044+00:00,BUY,,,
241,596759221,ETH-USD,3267.33,0.01,2025-01-20 02:36:21.749737+00:00,SELL,,,
242,596758971,ETH-USD,3267.04,0.00083031,2025-01-20 02:36:06.697101+00:00,BUY,,,
243,596758799,ETH-USD,3267.57,0.00100374,2025-01-20 02:35:51.906054+00:00,BUY,,,
244,596758559,ETH-USD,3266.26,0.00051258,2025-01-20 02:35:36.679969+00:00,BUY,,,
245,596758370,ETH-USD,3261.6,0.00031504,2025-01-20 02:35:21.847223+00:00,BUY,,,
246,596758169,ETH-USD,3265.72,0.01989914,2025-01-20 02:35:06.959510+00:00,SELL,,,
247,596757996,ETH-USD,3265.45,0.001,2025-01-20 02:34:51.753719+00:00,BUY,,,
248,596757785,ETH-USD,3268.03,0.00325292,2025-01-20 02:34:36.839489+00:00,BUY,,,
249,2025-01-20T02:34:21.422Z-ETH/USD-3267.8-0.01,ETH-USD,3267.8,0.01,2025-01-20 02:34:21.422000+00:00,UNKNOWN_ORDER_SIDE,,,
250,596757333,ETH-USD,3265.61,0.00001224,2025-01-20 02:34:06.962624+00:00,SELL,,,
251,596757166,ETH-USD,3264.46,0.02097856,2025-01-20 02:33:51.921528+00:00,SELL,,,
252,596756988,ETH-USD,3265.37,0.00561579,2025-01-20 02:33:36.901262+00:00,SELL,,,
253,596756865,ETH-USD,3264.32,0.00008268,2025-01-20 02:33:21.879831+00:00,SELL,,,
254,596756704,ETH-USD,3261.29,0.001,2025-01-20 02:33:06.866143+00:00,SELL,,,
255,596756592,ETH-USD,3258.14,0.00150006,2025-01-20 02:32:51.213979+00:00,SELL,,,
256,596756443,ETH-USD,3260.28,0.00008267,2025-01-20 02:32:36.755946+00:00,SELL,,,
257,596756296,ETH-USD,3261.5,0.0002483,2025-01-20 02:32:21.965370+00:00,SELL,,,
258,391519011,ETH-USD,3260.7,0.00846444,2025-01-20 02:32:06.665000+00:00,SELL,,,
259,596756050,ETH-USD,3258.71,0.00010145,2025-01-20 02:31:51.138423+00:00,SELL,,,
260,596755881,ETH-USD,3260.94,0.00051261,2025-01-20 02:31:36.837294+00:00,BUY,,,
261,596755712,ETH-USD,3264.02,0.00123346,2025-01-20 02:31:21.999486+00:00,SELL,,,
262,596755549,ETH-USD,3262.06,0.01,2025-01-20 02:31:06.909939+00:00,BUY,,,
263,2025-01-20T02:30:51.829Z-ETH/USD-3260.186-0.03,ETH-USD,3260.186,0.03,2025-01-20 02:30:51.829000+00:00,UNKNOWN_ORDER_SIDE,,,
264,391518697,ETH-USD,3260.5,0.0153,2025-01-20 02:30:36.807000+00:00,BUY,,,
265,596755006,ETH-USD,3263.53,0.00051257,2025-01-20 02:30:21.999438+00:00,BUY,,,
266,391518590,ETH-USD,3261.4,3.26884483,2025-01-20 02:30:06.634000+00:00,BUY,,,
267,596754637,ETH-USD,3261.21,0.00257639,2025-01-20 02:29:51.684116+00:00,SELL,,,
268,596754519,ETH-USD,3259.39,0.15335354,2025-01-20 02:29:36.876079+00:00,BUY,,,
269,391518357,ETH-USD,3258.6,0.00530902,2025-01-20 02:29:21.931000+00:00,BUY,,,
270,596754226,ETH-USD,3254.42,0.00121883,2025-01-20 02:29:06.915713+00:00,SELL,,,
271,596754117,ETH-USD,3257.41,0.24542413,2025-01-20 02:28:51.063611+00:00,SELL,,,
272,596753930,ETH-USD,3255.4,0.01,2025-01-20 02:28:36.895757+00:00,SELL,,,
273,596753588,ETH-USD,3259.4,0.00328526,2025-01-20 02:28:21.983359+00:00,BUY,,,
274,596753435,ETH-USD,3263.5,0.05739924,2025-01-20 02:28:05.961660+00:00,SELL,,,
275,2025-01-20T02:27:50.781Z-ETH/USD-3264.96-0.03,ETH-USD,3264.96,0.03,2025-01-20 02:27:50.781000+00:00,UNKNOWN_ORDER_SIDE,,,
276,596753017,ETH-USD,3262.35,0.55570006,2025-01-20 02:27:35.654350+00:00,SELL,,,
277,596752722,ETH-USD,3259.75,0.01,2025-01-20 02:27:20.433609+00:00,SELL,,,
278,596752512,ETH-USD,3255.57,0.02694704,2025-01-20 02:27:05.766278+00:00,SELL,,,
279,596752326,ETH-USD,3255.83,0.00086806,2025-01-20 02:26:50.923844+00:00,SELL,,,
280,391517750,ETH-USD,3251.7,0.03147335,2025-01-20 02:26:35.948000+00:00,SELL,,,
281,596751841,ETH-USD,3249.54,0.01,2025-01-20 02:26:20.764043+00:00,BUY,,,
282,596751686,ETH-USD,3246.94,0.00001207,2025-01-20 02:26:05.666690+00:00,SELL,,,
283,2025-01-20T02:25:50.935Z-ETH/USD-3244.219-1.45,ETH-USD,3244.219,1.45,2025-01-20 02:25:50.935000+00:00,UNKNOWN_ORDER_SIDE,,,
284,596751438,ETH-USD,3243.25,0.00187108,2025-01-20 02:25:35.454226+00:00,SELL,,,
285,596751311,ETH-USD,3243.68,0.01447258,2025-01-20 02:25:20.591108+00:00,SELL,,,
286,596751199,ETH-USD,3248.46,0.00061565,2025-01-20 02:25:05.342513+00:00,SELL,,,
287,391517256,ETH-USD,3249.8,0.04161367,2025-01-20 02:24:50.879000+00:00,BUY,,,
288,596750902,ETH-USD,3251.07,0.03089156,2025-01-20 02:24:35.856138+00:00,SELL,,,
289,596750800,ETH-USD,3249.53,0.01997231,2025-01-20 02:24:20.996476+00:00,SELL,,,
290,596750701,ETH-USD,3248.16,0.07478,2025-01-20 02:24:05.927990+00:00,SELL,,,
291,596750440,ETH-USD,3249.99,0.00334625,2025-01-20 02:23:50.875597+00:00,BUY,,,
292,596750293,ETH-USD,3248.14,0.00072534,2025-01-20 02:23:35.902569+00:00,SELL,,,
293,596750131,ETH-USD,3244.99,0.02941125,2025-01-20 02:23:20.657423+00:00,SELL,,,
294,596750017,ETH-USD,3245.19,0.001,2025-01-20 02:23:05.970484+00:00,SELL,,,
295,596749884,ETH-USD,3243.24,0.00868262,2025-01-20 02:22:50.350289+00:00,SELL,,,
296,596749761,ETH-USD,3242.02,0.00339294,2025-01-20 02:22:35.995934+00:00,BUY,,,
297,596749641,ETH-USD,3241.73,0.00339324,2025-01-20 02:22:20.893817+00:00,BUY,,,
298,596749403,ETH-USD,3239.34,1.54352512,2025-01-20 02:22:05.682047+00:00,SELL,,,
299,596749229,ETH-USD,3238.35,0.1236199,2025-01-20 02:21:50.793933+00:00,SELL,,,
300,596749099,ETH-USD,3237.14,0.07193939,2025-01-20 02:21:35.547590+00:00,BUY,,,
301,596748992,ETH-USD,3236.6,0.01467221,2025-01-20 02:21:20.770447+00:00,SELL,,,
302,596748860,ETH-USD,3240.02,0.00529332,2025-01-20 02:21:05.912696+00:00,BUY,,,
303,596748682,ETH-USD,3241.09,0.00034918,2025-01-20 02:20:50.159675+00:00,SELL,,,
304,596748531,ETH-USD,3242.67,0.71,2025-01-20 02:20:35.925050+00:00,SELL,,,
305,391516339,ETH-USD,3242.1,0.02339246,2025-01-20 02:20:20.974000+00:00,BUY,,,
306,596748225,ETH-USD,3241.79,0.00024359,2025-01-20 02:20:05.945872+00:00,SELL,,,
307,596748098,ETH-USD,3238.96,0.00008267,2025-01-20 02:19:50.584163+00:00,SELL,,,
308,596747939,ETH-USD,3240.53,0.00073078,2025-01-20 02:19:35.761808+00:00,SELL,,,
309,596747816,ETH-USD,3241.99,0.39663,2025-01-20 02:19:20.565113+00:00,SELL,,,
310,596747659,ETH-USD,3241.63,0.0025452,2025-01-20 02:19:05.635729+00:00,SELL,,,
311,596747547,ETH-USD,3240.98,0.00003702,2025-01-20 02:18:50.992410+00:00,SELL,,,
312,596747395,ETH-USD,3241.22,0.06381014,2025-01-20 02:18:35.443035+00:00,SELL,,,
313,596747257,ETH-USD,3240.76,0.25302772,2025-01-20 02:18:20.412712+00:00,BUY,,,
314,596747140,ETH-USD,3239.82,0.03055216,2025-01-20 02:18:05.620183+00:00,SELL,,,
315,596746919,ETH-USD,3239.0,0.00029587,2025-01-20 02:17:50.912197+00:00,SELL,,,
316,596746708,ETH-USD,3239.38,0.001,2025-01-20 02:17:35.091862+00:00,SELL,,,
317,391515636,ETH-USD,3236.5,0.03116294,2025-01-20 02:17:20.643000+00:00,BUY,,,
318,596746369,ETH-USD,3235.28,0.01,2025-01-20 02:17:04.531264+00:00,SELL,,,
319,596746126,ETH-USD,3237.26,0.04160802,2025-01-20 02:16:49.745574+00:00,SELL,,,
320,2025-01-20T02:16:34.983Z-ETH/USD-3236.75-0.64,ETH-USD,3236.75,0.64,2025-01-20 02:16:34.983000+00:00,UNKNOWN_ORDER_SIDE,,,
321,391515353,ETH-USD,3229.6,0.0184,2025-01-20 02:16:19.978000+00:00,BUY,,,
322,596745363,ETH-USD,3228.46,0.00001238,2025-01-20 02:16:04.767737+00:00,SELL,,,
323,596745208,ETH-USD,3224.96,0.00302909,2025-01-20 02:15:49.566736+00:00,BUY,,,
324,596745076,ETH-USD,3222.06,0.02097049,2025-01-20 02:15:34.915932+00:00,SELL,,,
325,596744912,ETH-USD,3220.92,0.01,2025-01-20 02:15:19.897286+00:00,SELL,,,
326,596744772,ETH-USD,3221.28,0.00250636,2025-01-20 02:15:04.918712+00:00,SELL,,,
327,596744618,ETH-USD,3222.4,0.08852539,2025-01-20 02:14:49.082992+00:00,BUY,,,
328,596744510,ETH-USD,3221.2,0.00112702,2025-01-20 02:14:34.731302+00:00,BUY,,,
329,596744335,ETH-USD,3219.68,0.47910987,2025-01-20 02:14:19.877748+00:00,BUY,,,
330,596744180,ETH-USD,3222.07,0.0005126,2025-01-20 02:14:04.559860+00:00,BUY,,,
331,596743925,ETH-USD,3228.02,0.02498027,2025-01-20 02:13:49.378198+00:00,BUY,,,
332,596743741,ETH-USD,3226.01,0.00005579,2025-01-20 02:13:34.416481+00:00,BUY,,,
333,596743502,ETH-USD,3225.43,0.00277804,2025-01-20 02:13:19.935134+00:00,SELL,,,
334,596743376,ETH-USD,3224.46,0.00499141,2025-01-20 02:13:04.997511+00:00,SELL,,,
335,596743268,ETH-USD,3225.24,0.00153482,2025-01-20 02:12:49.981543+00:00,SELL,,,
336,596743164,ETH-USD,3225.62,0.00034619,2025-01-20 02:12:34.667651+00:00,SELL,,,
337,596743066,ETH-USD,3224.01,0.0307011,2025-01-20 02:12:18.973390+00:00,SELL,,,
338,596742941,ETH-USD,3223.62,0.01,2025-01-20 02:12:03.889683+00:00,SELL,,,
339,596742797,ETH-USD,3222.95,0.00341299,2025-01-20 02:11:48.878283+00:00,SELL,,,
340,596742687,ETH-USD,3226.74,0.00338279,2025-01-20 02:11:33.737005+00:00,BUY,,,
341,391512589,ETH-USD,3225.9,0.03086963,2025-01-20 02:11:18.885000+00:00,BUY,,,
342,596742323,ETH-USD,3225.54,0.00202274,2025-01-20 02:11:03.695298+00:00,BUY,,,
343,596742169,ETH-USD,3225.26,0.00568029,2025-01-20 02:10:48.998916+00:00,SELL,,,
344,596741921,ETH-USD,3226.7,0.0050581,2025-01-20 02:10:33.729771+00:00,BUY,,,
345,596741718,ETH-USD,3225.13,0.00002936,2025-01-20 02:10:18.840964+00:00,BUY,,,
346,596741565,ETH-USD,3220.94,0.01550824,2025-01-20 02:10:03.962771+00:00,SELL,,,
347,596741402,ETH-USD,3222.61,0.01,2025-01-20 02:09:48.804340+00:00,BUY,,,
348,596741255,ETH-USD,3221.61,0.00574155,2025-01-20 02:09:33.727119+00:00,SELL,,,
349,596741063,ETH-USD,3222.25,0.00006085,2025-01-20 02:09:18.625345+00:00,SELL,,,
350,596740891,ETH-USD,3224.67,0.0020552,2025-01-20 02:09:03.938643+00:00,BUY,,,
351,596740678,ETH-USD,3226.93,0.15070409,2025-01-20 02:08:48.958289+00:00,SELL,,,
352,596740484,ETH-USD,3226.24,0.01245578,2025-01-20 02:08:33.380767+00:00,SELL,,,
353,596740383,ETH-USD,3223.89,0.00259706,2025-01-20 02:08:18.434512+00:00,BUY,,,
354,596740217,ETH-USD,3222.08,0.00314345,2025-01-20 02:08:03.836134+00:00,SELL,,,
355,596740096,ETH-USD,3221.23,0.00388289,2025-01-20 02:07:48.936107+00:00,SELL,,,
356,596739964,ETH-USD,3219.56,0.00220165,2025-01-20 02:07:33.926149+00:00,BUY,,,
357,596739828,ETH-USD,3218.98,0.01753,2025-01-20 02:07:18.927108+00:00,SELL,,,
358,596739709,ETH-USD,3220.66,0.99875673,2025-01-20 02:07:03.974160+00:00,BUY,,,
359,596739510,ETH-USD,3221.15,0.00030138,2025-01-20 02:06:48.491610+00:00,SELL,,,
360,596739347,ETH-USD,3219.54,0.00314231,2025-01-20 02:06:33.993684+00:00,SELL,,,
361,596739133,ETH-USD,3214.18,0.00037522,2025-01-20 02:06:18.163693+00:00,SELL,,,
362,596739001,ETH-USD,3217.52,0.05463984,2025-01-20 02:06:03.539237+00:00,SELL,,,
363,596738851,ETH-USD,3213.53,0.00153921,2025-01-20 02:05:48.717108+00:00,SELL,,,
364,596738649,ETH-USD,3213.3,1.55603273,2025-01-20 02:05:33.831330+00:00,SELL,,,
365,596738513,ETH-USD,3210.44,0.00922577,2025-01-20 02:05:18.978081+00:00,BUY,,,
366,391509390,ETH-USD,3213.7,0.0277,2025-01-20 02:05:03.841000+00:00,BUY,,,
367,391509325,ETH-USD,3214.0,0.0313,2025-01-20 02:04:48.683000+00:00,BUY,,,
368,596738052,ETH-USD,3215.86,0.09003,2025-01-20 02:04:33.649193+00:00,BUY,,,
369,596737838,ETH-USD,3214.0,0.00061564,2025-01-20 02:04:18.980579+00:00,BUY,,,
370,596737643,ETH-USD,3212.93,0.00075638,2025-01-20 02:04:03.858233+00:00,BUY,,,
371,596737368,ETH-USD,3206.81,1.55918186,2025-01-20 02:03:48.979248+00:00,SELL,,,
372,596737115,ETH-USD,3209.82,0.00097618,2025-01-20 02:03:33.951088+00:00,BUY,,,
373,596736942,ETH-USD,3214.19,0.38539,2025-01-20 02:03:18.295992+00:00,SELL,,,
374,596736623,ETH-USD,3219.84,0.63178487,2025-01-20 02:03:03.933263+00:00,BUY,,,
375,596736362,ETH-USD,3214.15,0.06469328,2025-01-20 02:02:48.998243+00:00,SELL,,,
376,596736070,ETH-USD,3211.56,0.05068786,2025-01-20 02:02:33.885345+00:00,SELL,,,
377,391508289,ETH-USD,3211.1,0.03131597,2025-01-20 02:02:18.988000+00:00,BUY,,,
378,596735622,ETH-USD,3208.21,0.00051586,2025-01-20 02:02:03.615214+00:00,SELL,,,
379,2025-01-20T02:01:48.992Z-ETH/USD-3207.7-0.03,ETH-USD,3207.7,0.03,2025-01-20 02:01:48.992000+00:00,UNKNOWN_ORDER_SIDE,,,
380,596735143,ETH-USD,3203.33,0.00166609,2025-01-20 02:01:33.974487+00:00,BUY,,,
381,596734982,ETH-USD,3200.06,0.00074029,2025-01-20 02:01:18.987653+00:00,BUY,,,
382,596734727,ETH-USD,3201.81,0.03093113,2025-01-20 02:01:03.981736+00:00,SELL,,,
383,596734468,ETH-USD,3201.96,0.01,2025-01-20 02:00:48.623785+00:00,BUY,,,
384,596734307,ETH-USD,3196.93,0.0034408,2025-01-20 02:00:33.992430+00:00,BUY,,,
385,596734061,ETH-USD,3200.0,1.0158526,2025-01-20 02:00:18.255823+00:00,SELL,,,
386,596733853,ETH-USD,3194.37,0.12015621,2025-01-20 02:00:03.893215+00:00,SELL,,,
387,596733741,ETH-USD,3195.85,0.03474713,2025-01-20 01:59:48.887451+00:00,SELL,,,
388,596733585,ETH-USD,3195.31,0.00344254,2025-01-20 01:59:33.860570+00:00,BUY,,,
389,596733409,ETH-USD,3195.94,0.00243591,2025-01-20 01:59:18.950386+00:00,SELL,,,
390,596733250,ETH-USD,3191.6,0.47704,2025-01-20 01:59:03.666329+00:00,SELL,,,
391,596733134,ETH-USD,3194.5,0.01,2025-01-20 01:58:48.873837+00:00,SELL,,,
392,596733019,ETH-USD,3191.07,0.02987164,2025-01-20 01:58:33.488411+00:00,SELL,,,
393,596732842,ETH-USD,3190.23,0.0062032,2025-01-20 01:58:18.804145+00:00,SELL,,,
394,596732638,ETH-USD,3191.65,0.05947163,2025-01-20 01:58:03.862051+00:00,SELL,,,
395,596732457,ETH-USD,3190.81,0.00006499,2025-01-20 01:57:48.884353+00:00,SELL,,,
396,596732251,ETH-USD,3188.06,1.5683563,2025-01-20 01:57:33.883042+00:00,SELL,,,
397,596732069,ETH-USD,3187.12,0.11808335,2025-01-20 01:57:18.986698+00:00,BUY,,,
398,596731923,ETH-USD,3185.38,0.00105574,2025-01-20 01:57:03.755362+00:00,SELL,,,
399,596731781,ETH-USD,3179.66,0.00575623,2025-01-20 01:56:48.440747+00:00,SELL,,,
400,596731673,ETH-USD,3180.15,1.5549202,2025-01-20 01:56:33.032480+00:00,SELL,,,
401,596731566,ETH-USD,3182.94,0.02993112,2025-01-20 01:56:18.975583+00:00,SELL,,,
402,596731333,ETH-USD,3183.2,0.00069428,2025-01-20 01:56:03.930016+00:00,BUY,,,
403,596731200,ETH-USD,3183.18,0.00000102,2025-01-20 01:55:48.545336+00:00,SELL,,,
404,596731079,ETH-USD,3181.61,0.00324879,2025-01-20 01:55:33.694859+00:00,SELL,,,
405,596730865,ETH-USD,3182.75,0.00065107,2025-01-20 01:55:18.797617+00:00,BUY,,,
406,596730744,ETH-USD,3177.51,0.00052214,2025-01-20 01:55:03.915657+00:00,BUY,,,
407,596730629,ETH-USD,3178.59,0.04330642,2025-01-20 01:54:48.938748+00:00,SELL,,,
408,596730497,ETH-USD,3175.55,0.00040707,2025-01-20 01:54:33.437935+00:00,BUY,,,
409,596730218,ETH-USD,3175.24,0.00006947,2025-01-20 01:54:18.225566+00:00,SELL,,,
410,596730068,ETH-USD,3175.49,0.00031507,2025-01-20 01:54:03.500465+00:00,SELL,,,
411,596729966,ETH-USD,3173.92,0.47704,2025-01-20 01:53:48.958650+00:00,BUY,,,
412,596729814,ETH-USD,3176.43,0.00035703,2025-01-20 01:53:33.681136+00:00,BUY,,,
413,596729671,ETH-USD,3178.85,0.00155621,2025-01-20 01:53:18.897152+00:00,SELL,,,
414,596729508,ETH-USD,3179.43,0.6588445,2025-01-20 01:53:03.653801+00:00,BUY,,,
415,596729380,ETH-USD,3178.98,0.00153786,2025-01-20 01:52:48.896933+00:00,BUY,,,
416,596729196,ETH-USD,3174.19,0.001,2025-01-20 01:52:33.983605+00:00,SELL,,,
417,596729034,ETH-USD,3168.7,0.00051257,2025-01-20 01:52:18.172289+00:00,BUY,,,
418,596728922,ETH-USD,3169.26,0.00001262,2025-01-20 01:52:03.975351+00:00,BUY,,,
419,596728727,ETH-USD,3171.61,0.0006865,2025-01-20 01:51:48.733645+00:00,BUY,,,
420,596728518,ETH-USD,3169.76,0.63115375,2025-01-20 01:51:33.861438+00:00,BUY,,,
421,596728282,ETH-USD,3173.55,1.57552349,2025-01-20 01:51:18.961552+00:00,SELL,,,
422,596728064,ETH-USD,3175.32,0.00001065,2025-01-20 01:51:03.988216+00:00,SELL,,,
423,596727926,ETH-USD,3174.67,0.00000629,2025-01-20 01:50:48.903667+00:00,SELL,,,
424,596727611,ETH-USD,3180.05,0.01557393,2025-01-20 01:50:33.984351+00:00,SELL,,,
425,596727511,ETH-USD,3178.21,0.00000292,2025-01-20 01:50:18.660644+00:00,BUY,,,
426,596727367,ETH-USD,3183.99,0.01572,2025-01-20 01:50:03.994127+00:00,SELL,,,
427,596727192,ETH-USD,3180.0,0.04182513,2025-01-20 01:49:48.747470+00:00,BUY,,,
428,596727040,ETH-USD,3185.23,0.00501858,2025-01-20 01:49:33.673539+00:00,SELL,,,
429,596726869,ETH-USD,3189.33,0.07360553,2025-01-20 01:49:18.969397+00:00,SELL,,,
430,596726730,ETH-USD,3185.4,0.2739122,2025-01-20 01:49:03.993269+00:00,SELL,,,
431,596726625,ETH-USD,3183.02,0.00031399,2025-01-20 01:48:48.743335+00:00,SELL,,,
432,596726545,ETH-USD,3185.62,0.01553711,2025-01-20 01:48:33.754119+00:00,SELL,,,
433,596726442,ETH-USD,3185.64,0.01345924,2025-01-20 01:48:18.802790+00:00,SELL,,,
434,596726229,ETH-USD,3190.07,0.00263638,2025-01-20 01:48:03.934020+00:00,SELL,,,
435,596726121,ETH-USD,3191.04,0.0022353,2025-01-20 01:47:48.580242+00:00,BUY,,,
436,596725962,ETH-USD,3187.36,0.0016443,2025-01-20 01:47:33.971831+00:00,SELL,,,
437,596725847,ETH-USD,3181.87,0.00341467,2025-01-20 01:47:18.784260+00:00,SELL,,,
438,596725668,ETH-USD,3178.69,0.001,2025-01-20 01:47:03.867269+00:00,BUY,,,
439,596725524,ETH-USD,3184.57,0.04928581,2025-01-20 01:46:48.660116+00:00,BUY,,,
440,596725366,ETH-USD,3180.16,0.00036397,2025-01-20 01:46:33.589195+00:00,BUY,,,
441,596725245,ETH-USD,3184.39,0.001,2025-01-20 01:46:18.761753+00:00,BUY,,,
442,596725100,ETH-USD,3185.37,0.00051262,2025-01-20 01:46:03.967249+00:00,BUY,,,
443,596724979,ETH-USD,3181.38,0.01156378,2025-01-20 01:45:48.639092+00:00,SELL,,,
444,596724819,ETH-USD,3179.17,0.08459994,2025-01-20 01:45:33.888660+00:00,SELL,,,
445,596724684,ETH-USD,3177.03,0.00085119,2025-01-20 01:45:18.960688+00:00,BUY,,,
446,596724566,ETH-USD,3178.03,0.00069773,2025-01-20 01:45:03.877951+00:00,SELL,,,
447,596724422,ETH-USD,3176.76,0.00209855,2025-01-20 01:44:48.458824+00:00,BUY,,,
448,596724309,ETH-USD,3176.05,0.00243681,2025-01-20 01:44:33.914530+00:00,BUY,,,
449,596724056,ETH-USD,3179.3,0.00205115,2025-01-20 01:44:18.915335+00:00,SELL,,,
450,596723912,ETH-USD,3181.55,0.00336857,2025-01-20 01:44:03.927816+00:00,SELL,,,
451,596723808,ETH-USD,3180.15,0.00051262,2025-01-20 01:43:48.887788+00:00,BUY,,,
452,596723651,ETH-USD,3184.42,0.49378568,2025-01-20 01:43:33.484328+00:00,SELL,,,
453,596723487,ETH-USD,3185.27,1.56972918,2025-01-20 01:43:18.669993+00:00,SELL,,,
454,596723384,ETH-USD,3188.31,0.0298841,2025-01-20 01:43:03.912614+00:00,SELL,,,
455,596723198,ETH-USD,3187.81,0.00035445,2025-01-20 01:42:48.978197+00:00,SELL,,,
456,596722989,ETH-USD,3188.86,0.09896546,2025-01-20 01:42:33.549250+00:00,BUY,,,
457,596722774,ETH-USD,3191.58,0.0015646,2025-01-20 01:42:18.947256+00:00,BUY,,,
458,596722490,ETH-USD,3195.83,0.00904535,2025-01-20 01:42:03.895818+00:00,BUY,,,
459,596722332,ETH-USD,3201.15,0.00231874,2025-01-20 01:41:48.508537+00:00,BUY,,,
460,596722179,ETH-USD,3200.01,0.00000854,2025-01-20 01:41:33.986301+00:00,SELL,,,
461,596721928,ETH-USD,3202.79,0.04527117,2025-01-20 01:41:18.786438+00:00,SELL,,,
462,596721780,ETH-USD,3199.93,0.00107494,2025-01-20 01:41:03.442854+00:00,SELL,,,
463,596721659,ETH-USD,3203.97,0.00352472,2025-01-20 01:40:48.883030+00:00,SELL,,,
464,596721549,ETH-USD,3201.01,0.00051257,2025-01-20 01:40:33.053044+00:00,BUY,,,
465,596721426,ETH-USD,3205.42,0.4446892,2025-01-20 01:40:18.938349+00:00,SELL,,,
466,596721254,ETH-USD,3203.03,0.03145,2025-01-20 01:40:03.887098+00:00,SELL,,,
467,596721105,ETH-USD,3203.92,0.0061758,2025-01-20 01:39:48.852778+00:00,SELL,,,
468,596720968,ETH-USD,3209.21,0.00330942,2025-01-20 01:39:33.945323+00:00,BUY,,,
469,596720823,ETH-USD,3207.91,0.00051258,2025-01-20 01:39:18.014717+00:00,BUY,,,
470,596720646,ETH-USD,3210.91,0.00342582,2025-01-20 01:39:03.994704+00:00,BUY,,,
471,596720311,ETH-USD,3212.11,0.00342454,2025-01-20 01:38:48.999693+00:00,BUY,,,
472,391500500,ETH-USD,3214.0,1.841,2025-01-20 01:38:33.970000+00:00,SELL,,,
473,596719938,ETH-USD,3209.25,1.55800006,2025-01-20 01:38:18.704477+00:00,SELL,,,
474,596719756,ETH-USD,3211.72,0.00152862,2025-01-20 01:38:03.502739+00:00,SELL,,,
475,596719585,ETH-USD,3209.59,2,2025-01-20 01:37:48.756850+00:00,BUY,,,
476,596719441,ETH-USD,3209.22,1.196973,2025-01-20 01:37:33.850103+00:00,SELL,,,
477,596719277,ETH-USD,3208.2,0.00095634,2025-01-20 01:37:18.901139+00:00,BUY,,,
478,596719091,ETH-USD,3206.15,0.14688113,2025-01-20 01:37:03.934444+00:00,BUY,,,
479,596718860,ETH-USD,3209.93,0.00624039,2025-01-20 01:36:48.935576+00:00,BUY,,,
480,596718715,ETH-USD,3209.03,1.51058634,2025-01-20 01:36:33.976401+00:00,SELL,,,
481,596718546,ETH-USD,3206.7,0.03224959,2025-01-20 01:36:18.960372+00:00,SELL,,,
482,596718349,ETH-USD,3206.93,0.00342862,2025-01-20 01:36:03.873882+00:00,SELL,,,
483,596718126,ETH-USD,3206.62,0.03661519,2025-01-20 01:35:48.864655+00:00,SELL,,,
484,391499388,ETH-USD,3205.4,0.0193,2025-01-20 01:35:33.914000+00:00,BUY,,,
485,596717803,ETH-USD,3202.07,0.00119782,2025-01-20 01:35:18.995636+00:00,SELL,,,
486,596717553,ETH-USD,3200.46,1.08955024,2025-01-20 01:35:03.984298+00:00,BUY,,,
487,596717356,ETH-USD,3203.3,0.0137792,2025-01-20 01:34:48.554900+00:00,SELL,,,
488,596717139,ETH-USD,3202.23,0.00046934,2025-01-20 01:34:33.922243+00:00,SELL,,,
489,596717000,ETH-USD,3195.16,0.07867664,2025-01-20 01:34:18.955473+00:00,SELL,,,
490,596716785,ETH-USD,3199.97,0.0569,2025-01-20 01:34:03.852969+00:00,SELL,,,
491,596716538,ETH-USD,3194.57,0.15,2025-01-20 01:33:48.802708+00:00,BUY,,,
492,596716334,ETH-USD,3197.49,0.31,2025-01-20 01:33:33.987896+00:00,SELL,,,
493,596715997,ETH-USD,3192.9,0.78786898,2025-01-20 01:33:18.637969+00:00,BUY,,,
494,596715824,ETH-USD,3189.7,0.00146855,2025-01-20 01:33:03.663614+00:00,SELL,,,
495,596715665,ETH-USD,3184.08,0.00622568,2025-01-20 01:32:48.933262+00:00,SELL,,,
496,596715470,ETH-USD,3179.6,0.00187787,2025-01-20 01:32:33.982938+00:00,SELL,,,
497,596715284,ETH-USD,3185.27,0.00345386,2025-01-20 01:32:18.725911+00:00,SELL,,,
498,596715064,ETH-USD,3184.97,0.00062652,2025-01-20 01:32:03.627190+00:00,BUY,,,
499,596714893,ETH-USD,3188.51,0.00097104,2025-01-20 01:31:48.817737+00:00,SELL,,,
500,596714628,ETH-USD,3190.6,0.5,2025-01-20 01:31:33.770528+00:00,SELL,,,
501,596714391,ETH-USD,3191.68,0.00183896,2025-01-20 01:31:18.768777+00:00,SELL,,,
502,596714103,ETH-USD,3194.27,0.00223719,2025-01-20 01:31:03.989884+00:00,BUY,,,
503,391497910,ETH-USD,3192.8,0.01335145,2025-01-20 01:30:48.803000+00:00,SELL,,,
504,596713786,ETH-USD,3187.81,0.00265499,2025-01-20 01:30:33.919434+00:00,BUY,,,
505,596713600,ETH-USD,3186.3,1.22360261,2025-01-20 01:30:18.817203+00:00,BUY,,,
506,596713313,ETH-USD,3187.51,0.01551549,2025-01-20 01:30:03.971102+00:00,SELL,,,
507,596713190,ETH-USD,3190.11,0.00034483,2025-01-20 01:29:48.982296+00:00,BUY,,,
508,596713026,ETH-USD,3191.06,0.00159507,2025-01-20 01:29:33.914557+00:00,BUY,,,
509,596712862,ETH-USD,3197.61,0.00475778,2025-01-20 01:29:18.979022+00:00,SELL,,,
510,596712679,ETH-USD,3196.62,0.02126306,2025-01-20 01:29:03.722706+00:00,SELL,,,
511,596712519,ETH-USD,3195.56,0.01687121,2025-01-20 01:28:48.814140+00:00,SELL,,,
512,596712309,ETH-USD,3194.65,0.00023593,2025-01-20 01:28:33.825020+00:00,SELL,,,
513,596712170,ETH-USD,3192.74,0.36992338,2025-01-20 01:28:18.534669+00:00,BUY,,,
514,596711931,ETH-USD,3189.77,0.00600019,2025-01-20 01:28:03.914114+00:00,SELL,,,
515,596711814,ETH-USD,3191.75,0.00108144,2025-01-20 01:27:48.809674+00:00,BUY,,,
516,596711644,ETH-USD,3189.82,0.00164365,2025-01-20 01:27:33.989812+00:00,BUY,,,
517,391496731,ETH-USD,3185.8,0.00522815,2025-01-20 01:27:18.909000+00:00,BUY,,,
518,596711348,ETH-USD,3190.73,0.6,2025-01-20 01:27:03.900109+00:00,BUY,,,
519,596711149,ETH-USD,3194.92,0.14244781,2025-01-20 01:26:48.901973+00:00,BUY,,,
520,596710939,ETH-USD,3191.67,0.00080248,2025-01-20 01:26:33.843300+00:00,BUY,,,
521,596710750,ETH-USD,3189.65,0.15,2025-01-20 01:26:18.572666+00:00,BUY,,,
522,596710523,ETH-USD,3181.84,0.04116122,2025-01-20 01:26:03.795967+00:00,SELL,,,
523,391496353,ETH-USD,3181.8,0.03086932,2025-01-20 01:25:48.734000+00:00,BUY,,,
524,596710219,ETH-USD,3184.75,0.00008791,2025-01-20 01:25:33.945983+00:00,BUY,,,
525,596709996,ETH-USD,3192.99,0.11350535,2025-01-20 01:25:18.969824+00:00,SELL,,,
526,596709834,ETH-USD,3191.78,0.02539761,2025-01-20 01:25:03.839177+00:00,SELL,,,
527,596709652,ETH-USD,3188.27,0.00104076,2025-01-20 01:24:48.989132+00:00,BUY,,,
528,596709473,ETH-USD,3184.9,0.0012366,2025-01-20 01:24:33.830239+00:00,BUY,,,
529,596709317,ETH-USD,3185.27,0.00085393,2025-01-20 01:24:18.848559+00:00,BUY,,,
530,596709170,ETH-USD,3188.54,0.00344944,2025-01-20 01:24:03.700123+00:00,SELL,,,
531,596709017,ETH-USD,3188.77,0.08839575,2025-01-20 01:23:48.843263+00:00,BUY,,,
532,596708902,ETH-USD,3190.58,0.04164113,2025-01-20 01:23:33.806280+00:00,SELL,,,
533,596708740,ETH-USD,3186.87,0.00002822,2025-01-20 01:23:18.989728+00:00,BUY,,,
534,596708542,ETH-USD,3181.06,0.0050455,2025-01-20 01:23:03.886842+00:00,SELL,,,
535,596708330,ETH-USD,3179.91,0.00061189,2025-01-20 01:22:48.977539+00:00,BUY,,,
536,596708218,ETH-USD,3173.39,0.03780836,2025-01-20 01:22:33.918846+00:00,BUY,,,
537,596708092,ETH-USD,3175.11,0.00048371,2025-01-20 01:22:18.918653+00:00,BUY,,,
538,596707883,ETH-USD,3174.99,0.03140323,2025-01-20 01:22:03.905353+00:00,BUY,,,
539,596707738,ETH-USD,3176.75,0.00056713,2025-01-20 01:21:48.676239+00:00,BUY,,,
540,596707567,ETH-USD,3179.59,0.87060323,2025-01-20 01:21:33.867687+00:00,SELL,,,
541,596707268,ETH-USD,3174.29,0.00073859,2025-01-20 01:21:18.947285+00:00,BUY,,,
542,596706889,ETH-USD,3174.97,0.00280655,2025-01-20 01:21:03.877916+00:00,SELL,,,
543,596706656,ETH-USD,3180.75,0.04658277,2025-01-20 01:20:48.369476+00:00,SELL,,,
544,391494841,ETH-USD,3178.6,0.0412311,2025-01-20 01:20:33.951000+00:00,BUY,,,
545,596706249,ETH-USD,3184.5,0.13181,2025-01-20 01:20:18.871309+00:00,BUY,,,
546,596706052,ETH-USD,3191.42,0.63890844,2025-01-20 01:20:03.990364+00:00,SELL,,,
547,596705899,ETH-USD,3192.5,1,2025-01-20 01:19:48.999441+00:00,SELL,,,
548,596705696,ETH-USD,3196.87,0.00038874,2025-01-20 01:19:33.837426+00:00,SELL,,,
549,596705496,ETH-USD,3196.76,0.41717872,2025-01-20 01:19:18.992766+00:00,SELL,,,
550,596705275,ETH-USD,3198.69,0.00001195,2025-01-20 01:19:03.802324+00:00,SELL,,,
551,596705135,ETH-USD,3193.75,0.00775136,2025-01-20 01:18:48.662595+00:00,SELL,,,
552,596704991,ETH-USD,3187.97,0.57542,2025-01-20 01:18:33.652648+00:00,BUY,,,
553,596704814,ETH-USD,3189.73,0.0020821,2025-01-20 01:18:18.571420+00:00,SELL,,,
554,596704662,ETH-USD,3189.81,0.5,2025-01-20 01:18:03.897079+00:00,SELL,,,
555,596704427,ETH-USD,3193.49,0.02983125,2025-01-20 01:17:48.971727+00:00,SELL,,,
556,391493673,ETH-USD,3195.6,0.01048051,2025-01-20 01:17:33.872000+00:00,BUY,,,
557,596704144,ETH-USD,3194.32,0.00803934,2025-01-20 01:17:18.883468+00:00,BUY,,,
558,596703990,ETH-USD,3193.77,0.48188528,2025-01-20 01:17:03.955270+00:00,SELL,,,
559,596703849,ETH-USD,3193.7,0.00344428,2025-01-20 01:16:48.931923+00:00,BUY,,,
560,596703672,ETH-USD,3199.44,0.00309317,2025-01-20 01:16:33.715188+00:00,SELL,,,
561,596703581,ETH-USD,3200.77,0.15,2025-01-20 01:16:18.738695+00:00,BUY,,,
562,596703506,ETH-USD,3206.48,0.00345177,2025-01-20 01:16:03.988041+00:00,SELL,,,
563,596703294,ETH-USD,3202.73,0.50162948,2025-01-20 01:15:48.998866+00:00,SELL,,,
564,596703120,ETH-USD,3201.47,0.1346873,2025-01-20 01:15:33.964484+00:00,SELL,,,
565,596702959,ETH-USD,3199.82,0.03318798,2025-01-20 01:15:18.780735+00:00,BUY,,,
566,596702757,ETH-USD,3198.75,0.0003131,2025-01-20 01:15:03.745582+00:00,SELL,,,
567,596702590,ETH-USD,3190.69,0.19940621,2025-01-20 01:14:48.433585+00:00,SELL,,,
568,596702423,ETH-USD,3191.11,0.0156,2025-01-20 01:14:33.861714+00:00,SELL,,,
569,596702244,ETH-USD,3196.04,0.00019433,2025-01-20 01:14:18.798861+00:00,SELL,,,
570,596702078,ETH-USD,3190.33,0.00062548,2025-01-20 01:14:03.884994+00:00,BUY,,,
571,596701944,ETH-USD,3195.06,0.00215277,2025-01-20 01:13:48.873987+00:00,SELL,,,
572,596701781,ETH-USD,3194.5,0.03158984,2025-01-20 01:13:33.789903+00:00,SELL,,,
573,596701648,ETH-USD,3196.65,0.86818544,2025-01-20 01:13:18.945277+00:00,BUY,,,
574,596701465,ETH-USD,3200.07,0.00464669,2025-01-20 01:13:03.999366+00:00,BUY,,,
575,596701314,ETH-USD,3201.58,0.07587652,2025-01-20 01:12:48.793876+00:00,SELL,,,
576,596701033,ETH-USD,3197.74,0.00342618,2025-01-20 01:12:33.923849+00:00,SELL,,,
577,391491776,ETH-USD,3201.1,0.03205594,2025-01-20 01:12:18.662000+00:00,SELL,,,
578,596700633,ETH-USD,3198.34,0.00000312,2025-01-20 01:12:03.926964+00:00,SELL,,,
579,596700373,ETH-USD,3198.9,0.3038349,2025-01-20 01:11:48.843263+00:00,SELL,,,
580,596700178,ETH-USD,3191.31,0.00228063,2025-01-20 01:11:33.753579+00:00,BUY,,,
581,596699976,ETH-USD,3189.94,0.00186048,2025-01-20 01:11:18.854275+00:00,BUY,,,
582,596699722,ETH-USD,3185.54,0.00031319,2025-01-20 01:11:03.777615+00:00,SELL,,,
583,596699531,ETH-USD,3194.29,0.00111829,2025-01-20 01:10:48.830803+00:00,SELL,,,
584,596699349,ETH-USD,3198.15,1.27652531,2025-01-20 01:10:33.964005+00:00,BUY,,,
585,596699123,ETH-USD,3197.49,0.00312833,2025-01-20 01:10:18.895707+00:00,BUY,,,
586,596698881,ETH-USD,3193.97,0.156,2025-01-20 01:10:03.432333+00:00,BUY,,,
587,596698729,ETH-USD,3196.51,0.00311194,2025-01-20 01:09:48.849237+00:00,SELL,,,
588,596698573,ETH-USD,3194.43,0.0000219,2025-01-20 01:09:33.884102+00:00,SELL,,,
589,2025-01-20T01:09:18.894Z-ETH/USD-3202.33-0.01,ETH-USD,3202.33,0.01,2025-01-20 01:09:18.894000+00:00,UNKNOWN_ORDER_SIDE,,,
590,596698182,ETH-USD,3198.62,1.56317821,2025-01-20 01:09:03.909290+00:00,SELL,,,
591,596698027,ETH-USD,3204.26,0.00093347,2025-01-20 01:08:48.452028+00:00,SELL,,,
592,596697813,ETH-USD,3201.12,0.14950797,2025-01-20 01:08:33.961899+00:00,SELL,,,
593,596697535,ETH-USD,3196.72,0.02899157,2025-01-20 01:08:18.919439+00:00,BUY,,,
594,596697342,ETH-USD,3194.5,3.13038232,2025-01-20 01:08:03.856593+00:00,SELL,,,
595,596697141,ETH-USD,3193.29,0.0017863,2025-01-20 01:07:47.987868+00:00,BUY,,,
596,2025-01-20T01:07:32.914Z-ETH/USD-3190.339-0.02,ETH-USD,3190.339,0.02,2025-01-20 01:07:32.914000+00:00,UNKNOWN_ORDER_SIDE,,,
597,596696567,ETH-USD,3183.74,0.47661172,2025-01-20 01:07:17.910224+00:00,SELL,,,
598,596696337,ETH-USD,3184.45,0.00048252,2025-01-20 01:07:02.722617+00:00,BUY,,,
599,596696038,ETH-USD,3184.54,0.08657774,2025-01-20 01:06:47.609201+00:00,BUY,,,
600,596695841,ETH-USD,3179.72,0.00121127,2025-01-20 01:06:32.800662+00:00,BUY,,,
601,596695653,ETH-USD,3177.68,0.00091539,2025-01-20 01:06:17.940394+00:00,BUY,,,
602,596695394,ETH-USD,3179.88,0.31365199,2025-01-20 01:06:02.902157+00:00,SELL,,,
603,596695208,ETH-USD,3172.12,0.00057279,2025-01-20 01:05:47.733714+00:00,SELL,,,
604,596694879,ETH-USD,3172.37,0.00034615,2025-01-20 01:05:32.820403+00:00,BUY,,,
605,596694687,ETH-USD,3176.48,0.00083728,2025-01-20 01:05:17.975627+00:00,BUY,,,
606,596694380,ETH-USD,3182.39,0.00091703,2025-01-20 01:05:02.938051+00:00,BUY,,,
607,596694163,ETH-USD,3181.93,0.00801,2025-01-20 01:04:47.995406+00:00,SELL,,,
608,596693934,ETH-USD,3185.21,0.00005962,2025-01-20 01:04:32.933651+00:00,SELL,,,
609,596693726,ETH-USD,3188.07,0.20209367,2025-01-20 01:04:17.849833+00:00,SELL,,,
610,596693492,ETH-USD,3184.54,0.05,2025-01-20 01:04:02.612488+00:00,BUY,,,
611,596693282,ETH-USD,3177.7,0.0031056,2025-01-20 01:03:47.606146+00:00,SELL,,,
612,596693146,ETH-USD,3179.95,1.1137,2025-01-20 01:03:32.914810+00:00,SELL,,,
613,596692935,ETH-USD,3187.93,2,2025-01-20 01:03:17.939019+00:00,BUY,,,
614,391487910,ETH-USD,3188.7,0.0125,2025-01-20 01:03:02.971000+00:00,BUY,,,
615,596692491,ETH-USD,3182.08,0.05991696,2025-01-20 01:02:47.841608+00:00,BUY,,,
616,596692387,ETH-USD,3183.0,0.6,2025-01-20 01:02:32.860573+00:00,BUY,,,
617,391487501,ETH-USD,3177.4,0.00007974,2025-01-20 01:02:17.984000+00:00,BUY,,,
618,596691899,ETH-USD,3177.58,0.00346374,2025-01-20 01:02:02.754547+00:00,SELL,,,
619,596691675,ETH-USD,3166.28,0.3,2025-01-20 01:01:47.747249+00:00,BUY,,,
620,596691472,ETH-USD,3163.99,0.00014214,2025-01-20 01:01:32.959505+00:00,BUY,,,
621,596691259,ETH-USD,3165.06,0.727,2025-01-20 01:01:17.449204+00:00,SELL,,,
622,596691042,ETH-USD,3175.18,0.00222297,2025-01-20 01:01:02.882869+00:00,BUY,,,
623,596690785,ETH-USD,3178.08,0.00249113,2025-01-20 01:00:47.768499+00:00,BUY,,,
624,596690568,ETH-USD,3178.43,0.00228248,2025-01-20 01:00:32.936378+00:00,BUY,,,
625,596690321,ETH-USD,3171.7,0.00040467,2025-01-20 01:00:17.991648+00:00,SELL,,,
626,596690041,ETH-USD,3166.85,0.00233909,2025-01-20 01:00:02.417126+00:00,BUY,,,
627,596689815,ETH-USD,3166.14,0.10071129,2025-01-20 00:59:47.117183+00:00,BUY,,,
628,596689637,ETH-USD,3172.61,0.00346717,2025-01-20 00:59:32.289477+00:00,BUY,,,
629,596689456,ETH-USD,3169.56,0.59975418,2025-01-20 00:59:17.757972+00:00,BUY,,,
630,596689285,ETH-USD,3168.75,0.15,2025-01-20 00:59:02.848612+00:00,SELL,,,
631,596689038,ETH-USD,3175.32,1.57464612,2025-01-20 00:58:47.409169+00:00,SELL,,,
632,2025-01-20T00:58:32.998Z-ETH/USD-3175.55-0.03,ETH-USD,3175.55,0.03,2025-01-20 00:58:32.998000+00:00,UNKNOWN_ORDER_SIDE,,,
633,596688218,ETH-USD,3171.6,1.26429017,2025-01-20 00:58:17.825946+00:00,SELL,,,
634,596687883,ETH-USD,3163.37,0.00129941,2025-01-20 00:58:02.930235+00:00,BUY,,,
635,596687782,ETH-USD,3169.5,0.00000953,2025-01-20 00:57:47.969568+00:00,SELL,,,
636,596687616,ETH-USD,3165.05,0.00349243,2025-01-20 00:57:32.740605+00:00,SELL,,,
637,596687482,ETH-USD,3165.59,0.01499746,2025-01-20 00:57:17.991017+00:00,SELL,,,
638,596687275,ETH-USD,3171.98,0.0003154,2025-01-20 00:57:02.839082+00:00,SELL,,,
639,596687050,ETH-USD,3169.83,0.03130343,2025-01-20 00:56:47.741642+00:00,SELL,,,
640,596686857,ETH-USD,3160.29,0.03010196,2025-01-20 00:56:32.780508+00:00,SELL,,,
641,596686697,ETH-USD,3169.26,1.78,2025-01-20 00:56:17.664056+00:00,SELL,,,
642,596686422,ETH-USD,3165.87,4.10573998,2025-01-20 00:56:02.999538+00:00,SELL,,,
643,596686187,ETH-USD,3161.51,0.00346274,2025-01-20 00:55:47.144083+00:00,SELL,,,
644,596686091,ETH-USD,3164.29,0.18724468,2025-01-20 00:55:32.785849+00:00,BUY,,,
645,596685891,ETH-USD,3170.7,0.00103094,2025-01-20 00:55:17.932597+00:00,BUY,,,
646,596685721,ETH-USD,3171.17,0.0064902,2025-01-20 00:55:02.948134+00:00,SELL,,,
647,596685585,ETH-USD,3175.01,0.26358661,2025-01-20 00:54:47.952187+00:00,SELL,,,
648,596685455,ETH-USD,3181.11,1.5,2025-01-20 00:54:32.393354+00:00,BUY,,,
649,596685266,ETH-USD,3180.21,1.57222508,2025-01-20 00:54:17.394795+00:00,SELL,,,
650,596685088,ETH-USD,3174.15,0.62439447,2025-01-20 00:54:02.964370+00:00,BUY,,,
651,596684780,ETH-USD,3179.22,0.00000623,2025-01-20 00:53:47.866766+00:00,BUY,,,
652,596684622,ETH-USD,3172.52,0.001,2025-01-20 00:53:32.967992+00:00,SELL,,,
653,596684462,ETH-USD,3174.13,0.00037677,2025-01-20 00:53:17.913348+00:00,SELL,,,
654,596684277,ETH-USD,3171.58,0.01556806,2025-01-20 00:53:02.925070+00:00,BUY,,,
655,596684120,ETH-USD,3169.26,2,2025-01-20 00:52:47.600721+00:00,BUY,,,
656,596683958,ETH-USD,3166.6,0.00638689,2025-01-20 00:52:32.891353+00:00,SELL,,,
657,596683841,ETH-USD,3165.89,0.00000204,2025-01-20 00:52:17.939959+00:00,SELL,,,
658,596683663,ETH-USD,3172.59,0.00123464,2025-01-20 00:52:02.897110+00:00,BUY,,,
659,596683520,ETH-USD,3179.73,0.05336371,2025-01-20 00:51:47.955708+00:00,SELL,,,
660,596683328,ETH-USD,3174.26,0.00129207,2025-01-20 00:51:32.991361+00:00,BUY,,,
661,596683120,ETH-USD,3176.88,0.35392054,2025-01-20 00:51:17.936672+00:00,BUY,,,
662,596682812,ETH-USD,3174.82,0.00810964,2025-01-20 00:51:02.924212+00:00,SELL,,,
663,596682421,ETH-USD,3172.91,0.00278213,2025-01-20 00:50:47.989668+00:00,SELL,,,
664,596682209,ETH-USD,3171.94,0.0153,2025-01-20 00:50:32.711577+00:00,BUY,,,
665,596681791,ETH-USD,3157.63,0.82854835,2025-01-20 00:50:17.971303+00:00,SELL,,,
666,596681420,ETH-USD,3149.57,0.30338897,2025-01-20 00:50:02.975352+00:00,SELL,,,
667,596681266,ETH-USD,3156.72,1.58392,2025-01-20 00:49:47.932086+00:00,SELL,,,
668,596681014,ETH-USD,3151.48,1.5865592,2025-01-20 00:49:32.988881+00:00,SELL,,,
669,596680785,ETH-USD,3152.96,0.0234651,2025-01-20 00:49:17.937494+00:00,BUY,,,
670,596680516,ETH-USD,3155.72,0.00475276,2025-01-20 00:49:02.785424+00:00,BUY,,,
671,596680222,ETH-USD,3155.0,0.00047633,2025-01-20 00:48:47.968609+00:00,SELL,,,
672,596679996,ETH-USD,3149.76,0.15438,2025-01-20 00:48:32.992255+00:00,SELL,,,
673,596679686,ETH-USD,3155.0,0.02926844,2025-01-20 00:48:17.576778+00:00,SELL,,,
674,2025-01-20T00:48:02.97Z-ETH/USD-3142.26-0.67,ETH-USD,3142.26,0.67,2025-01-20 00:48:02.970000+00:00,UNKNOWN_ORDER_SIDE,,,
675,596678769,ETH-USD,3145.23,0.15868884,2025-01-20 00:47:47.854308+00:00,BUY,,,
676,596678040,ETH-USD,3151.09,0.36488991,2025-01-20 00:47:32.953147+00:00,BUY,,,
677,596677763,ETH-USD,3163.16,0.0011713,2025-01-20 00:47:17.592787+00:00,SELL,,,
678,596677593,ETH-USD,3167.24,0.01494168,2025-01-20 00:47:02.960859+00:00,SELL,,,
679,596677399,ETH-USD,3169.55,1.26108799,2025-01-20 00:46:47.845552+00:00,SELL,,,
680,596677268,ETH-USD,3170.19,0.15438,2025-01-20 00:46:31.569929+00:00,BUY,,,
681,596677093,ETH-USD,3172.85,0.15438,2025-01-20 00:46:16.659519+00:00,BUY,,,
682,596676888,ETH-USD,3180.36,0.11627987,2025-01-20 00:46:01.944967+00:00,BUY,,,
683,391477980,ETH-USD,3177.1,0.00008031,2025-01-20 00:45:46.916000+00:00,BUY,,,
684,596676549,ETH-USD,3179.51,0.00223,2025-01-20 00:45:31.983409+00:00,SELL,,,
685,596676391,ETH-USD,3182.54,0.03102447,2025-01-20 00:45:16.509245+00:00,BUY,,,
686,596676231,ETH-USD,3191.4,1.52290627,2025-01-20 00:45:01.607406+00:00,SELL,,,
687,391477594,ETH-USD,3189.6,0.00937618,2025-01-20 00:44:46.851000+00:00,BUY,,,
688,596675874,ETH-USD,3182.97,0.00013081,2025-01-20 00:44:31.925556+00:00,BUY,,,
689,596675743,ETH-USD,3185.93,0.00001645,2025-01-20 00:44:16.720851+00:00,BUY,,,
690,596675470,ETH-USD,3193.75,0.00030985,2025-01-20 00:44:01.556611+00:00,SELL,,,
691,596675287,ETH-USD,3194.37,0.00031537,2025-01-20 00:43:46.831002+00:00,SELL,,,
692,596675144,ETH-USD,3189.0,0.2,2025-01-20 00:43:31.976051+00:00,SELL,,,
693,596675000,ETH-USD,3187.64,0.01405625,2025-01-20 00:43:16.935403+00:00,SELL,,,
694,596674749,ETH-USD,3189.18,0.5,2025-01-20 00:43:01.956411+00:00,SELL,,,
695,596674558,ETH-USD,3179.46,1.5725983,2025-01-20 00:42:46.403080+00:00,SELL,,,
696,596674391,ETH-USD,3181.33,0.45885695,2025-01-20 00:42:31.904248+00:00,SELL,,,
697,596674140,ETH-USD,3171.41,0.00492544,2025-01-20 00:42:16.954770+00:00,SELL,,,
698,596674000,ETH-USD,3174.03,0.00577644,2025-01-20 00:42:01.640660+00:00,SELL,,,
699,596673760,ETH-USD,3173.59,0.00903,2025-01-20 00:41:46.844418+00:00,SELL,,,
700,596673513,ETH-USD,3171.67,0.00235,2025-01-20 00:41:31.785297+00:00,BUY,,,
701,596673085,ETH-USD,3166.65,0.00719254,2025-01-20 00:41:16.995319+00:00,BUY,,,
702,596672750,ETH-USD,3155.13,1.26831153,2025-01-20 00:41:01.833780+00:00,SELL,,,
703,596672514,ETH-USD,3161.67,0.03795,2025-01-20 00:40:46.903508+00:00,BUY,,,
704,596672250,ETH-USD,3160.56,0.00163405,2025-01-20 00:40:31.939471+00:00,BUY,,,
705,391474986,ETH-USD,3163.1,0.716,2025-01-20 00:40:16.870000+00:00,SELL,,,
706,391474838,ETH-USD,3162.7,0.769,2025-01-20 00:40:01.961000+00:00,BUY,,,
707,596671022,ETH-USD,3153.8,1.1137,2025-01-20 00:39:46.882638+00:00,BUY,,,
708,596670629,ETH-USD,3161.52,0.01564057,2025-01-20 00:39:31.994284+00:00,SELL,,,
709,596670381,ETH-USD,3165.15,0.90275871,2025-01-20 00:39:16.999062+00:00,BUY,,,
710,596670231,ETH-USD,3163.88,0.00553863,2025-01-20 00:39:01.963529+00:00,SELL,,,
711,596670017,ETH-USD,3164.84,0.66742689,2025-01-20 00:38:46.965711+00:00,BUY,,,
712,596669768,ETH-USD,3162.62,0.00062265,2025-01-20 00:38:31.729329+00:00,SELL,,,
713,596669446,ETH-USD,3171.4,0.03770825,2025-01-20 00:38:16.585970+00:00,SELL,,,
714,596669296,ETH-USD,3174.75,1.02433715,2025-01-20 00:38:01.881792+00:00,BUY,,,
715,596669106,ETH-USD,3173.85,0.00019211,2025-01-20 00:37:46.804862+00:00,SELL,,,
716,596668881,ETH-USD,3178.11,0.00062786,2025-01-20 00:37:30.685416+00:00,BUY,,,
717,596668700,ETH-USD,3178.6,0.01010878,2025-01-20 00:37:15.688004+00:00,SELL,,,
718,596668539,ETH-USD,3186.18,0.68931,2025-01-20 00:37:00.809082+00:00,SELL,,,
719,596668366,ETH-USD,3193.3,0.00567102,2025-01-20 00:36:45.940088+00:00,BUY,,,
720,596668207,ETH-USD,3190.51,0.0050298,2025-01-20 00:36:30.656817+00:00,SELL,,,
721,596668047,ETH-USD,3188.21,0.01300951,2025-01-20 00:36:15.929572+00:00,SELL,,,
722,596667818,ETH-USD,3185.78,0.34284625,2025-01-20 00:36:00.790455+00:00,SELL,,,
723,596667682,ETH-USD,3189.05,1.1137,2025-01-20 00:35:45.736778+00:00,SELL,,,
724,596667525,ETH-USD,3187.99,0.00000642,2025-01-20 00:35:30.916302+00:00,SELL,,,
725,596667383,ETH-USD,3182.71,0.4372,2025-01-20 00:35:15.942571+00:00,BUY,,,
726,596667261,ETH-USD,3185.31,0.23636811,2025-01-20 00:35:00.968986+00:00,BUY,,,
727,596667149,ETH-USD,3193.47,0.001,2025-01-20 00:34:45.949256+00:00,SELL,,,
728,596666986,ETH-USD,3185.01,0.00155353,2025-01-20 00:34:30.924390+00:00,SELL,,,
729,596666851,ETH-USD,3190.44,0.07512536,2025-01-20 00:34:15.941193+00:00,SELL,,,
730,596666663,ETH-USD,3196.16,0.003,2025-01-20 00:34:00.941986+00:00,BUY,,,
731,596666514,ETH-USD,3192.26,0.34188,2025-01-20 00:33:45.924786+00:00,SELL,,,
732,596666379,ETH-USD,3191.27,0.00576665,2025-01-20 00:33:30.445396+00:00,BUY,,,
733,596666208,ETH-USD,3196.61,0.17027212,2025-01-20 00:33:15.691070+00:00,BUY,,,
734,596665989,ETH-USD,3193.63,0.00662323,2025-01-20 00:33:00.765724+00:00,SELL,,,
735,2025-01-20T00:32:45.939Z-ETH/USD-3189.65-0.01,ETH-USD,3189.65,0.01,2025-01-20 00:32:45.939000+00:00,UNKNOWN_ORDER_SIDE,,,
736,391471281,ETH-USD,3184.6,0.04115997,2025-01-20 00:32:30.783000+00:00,BUY,,,
737,596665412,ETH-USD,3180.81,0.31899649,2025-01-20 00:32:15.965900+00:00,SELL,,,
738,596665086,ETH-USD,3180.74,0.16996,2025-01-20 00:32:00.972334+00:00,BUY,,,
739,596664889,ETH-USD,3167.87,0.01730105,2025-01-20 00:31:45.472961+00:00,BUY,,,
740,596664743,ETH-USD,3168.86,0.0063009,2025-01-20 00:31:30.766901+00:00,BUY,,,
741,596664548,ETH-USD,3175.7,0.00027329,2025-01-20 00:31:15.879229+00:00,SELL,,,
742,596664360,ETH-USD,3177.28,0.00280465,2025-01-20 00:31:00.637965+00:00,SELL,,,
743,596664241,ETH-USD,3177.67,0.25399633,2025-01-20 00:30:45.759977+00:00,BUY,,,
744,596664009,ETH-USD,3171.13,0.01536874,2025-01-20 00:30:30.656124+00:00,SELL,,,
745,596663774,ETH-USD,3177.73,0.00062794,2025-01-20 00:30:15.896532+00:00,BUY,,,
746,596663590,ETH-USD,3181.83,0.25595884,2025-01-20 00:30:00.990518+00:00,SELL,,,
747,596663440,ETH-USD,3182.3,0.03431494,2025-01-20 00:29:45.867289+00:00,BUY,,,
748,596663316,ETH-USD,3183.41,0.69142,2025-01-20 00:29:30.098336+00:00,SELL,,,
749,391469096,ETH-USD,3189.1,0.942,2025-01-20 00:29:15.889000+00:00,SELL,,,
750,2025-01-20T00:29:00.736Z-ETH/USD-3185.29-0.02,ETH-USD,3185.29,0.02,2025-01-20 00:29:00.736000+00:00,UNKNOWN_ORDER_SIDE,,,
751,596662725,ETH-USD,3181.57,0.01948816,2025-01-20 00:28:45.944135+00:00,BUY,,,
752,596662584,ETH-USD,3186.57,0.04550172,2025-01-20 00:28:30.907517+00:00,SELL,,,
753,2025-01-20T00:28:15.678Z-ETH/USD-3184.61-0.01,ETH-USD,3184.61,0.01,2025-01-20 00:28:15.678000+00:00,UNKNOWN_ORDER_SIDE,,,
754,596662221,ETH-USD,3188.9,0.30548815,2025-01-20 00:28:00.560647+00:00,BUY,,,
755,596662105,ETH-USD,3189.23,0.01551719,2025-01-20 00:27:45.772819+00:00,SELL,,,
756,596661976,ETH-USD,3192.51,0.00000189,2025-01-20 00:27:30.676125+00:00,BUY,,,
757,596661850,ETH-USD,3197.55,0.31516164,2025-01-20 00:27:15.792325+00:00,BUY,,,
758,596661675,ETH-USD,3196.24,0.59442851,2025-01-20 00:27:00.865145+00:00,BUY,,,
759,596661589,ETH-USD,3196.88,0.65296001,2025-01-20 00:26:45.923091+00:00,BUY,,,
760,596661445,ETH-USD,3197.0,0.00000398,2025-01-20 00:26:30.629400+00:00,BUY,,,
761,2025-01-20T00:26:15.87Z-ETH/USD-3206.483-0.16,ETH-USD,3206.483,0.16,2025-01-20 00:26:15.870000+00:00,UNKNOWN_ORDER_SIDE,,,
762,596661247,ETH-USD,3205.63,0.56616216,2025-01-20 00:26:00.836649+00:00,SELL,,,
763,596661076,ETH-USD,3204.11,0.00039062,2025-01-20 00:25:45.730282+00:00,BUY,,,
764,596660934,ETH-USD,3200.64,0.17771718,2025-01-20 00:25:30.912015+00:00,SELL,,,
765,596660762,ETH-USD,3196.53,0.00061872,2025-01-20 00:25:15.778364+00:00,SELL,,,
766,596660628,ETH-USD,3201.74,0.18704745,2025-01-20 00:25:00.846023+00:00,BUY,,,
767,596660483,ETH-USD,3205.34,0.07706956,2025-01-20 00:24:45.673150+00:00,BUY,,,
768,596660321,ETH-USD,3202.81,1.56112916,2025-01-20 00:24:30.804359+00:00,SELL,,,
769,596660158,ETH-USD,3201.18,0.00581149,2025-01-20 00:24:15.862596+00:00,SELL,,,
770,2025-01-20T00:24:00.74Z-ETH/USD-3202.15-0.01,ETH-USD,3202.15,0.01,2025-01-20 00:24:00.740000+00:00,UNKNOWN_ORDER_SIDE,,,
771,596659848,ETH-USD,3196.48,1.5222881,2025-01-20 00:23:45.988514+00:00,SELL,,,
772,596659735,ETH-USD,3199.09,0.00923126,2025-01-20 00:23:30.756424+00:00,BUY,,,
773,596659624,ETH-USD,3203.68,0.15106366,2025-01-20 00:23:15.687636+00:00,SELL,,,
774,596659439,ETH-USD,3204.93,0.001,2025-01-20 00:23:00.903735+00:00,SELL,,,
775,596659308,ETH-USD,3204.81,0.07852375,2025-01-20 00:22:45.964907+00:00,BUY,,,
776,2025-01-20T00:22:30.93Z-ETH/USD-3197.73-0.01,ETH-USD,3197.73,0.01,2025-01-20 00:22:30.930000+00:00,UNKNOWN_ORDER_SIDE,,,
777,596658939,ETH-USD,3200.59,0.36992338,2025-01-20 00:22:15.787269+00:00,BUY,,,
778,596658767,ETH-USD,3192.86,0.5,2025-01-20 00:22:00.965209+00:00,SELL,,,
779,596658568,ETH-USD,3194.02,0.6,2025-01-20 00:21:45.915478+00:00,BUY,,,
780,596658263,ETH-USD,3192.72,0.00777991,2025-01-20 00:21:30.687065+00:00,BUY,,,
781,596658032,ETH-USD,3182.41,0.00966619,2025-01-20 00:21:15.888311+00:00,SELL,,,
782,596657827,ETH-USD,3179.94,0.2437948,2025-01-20 00:21:00.991258+00:00,SELL,,,
783,596657607,ETH-USD,3181.82,1.1137,2025-01-20 00:20:45.944966+00:00,BUY,,,
784,596657348,ETH-USD,3186.01,0.00422173,2025-01-20 00:20:30.844039+00:00,SELL,,,
785,596657193,ETH-USD,3189.59,0.69142,2025-01-20 00:20:15.836916+00:00,BUY,,,
786,596656995,ETH-USD,3186.15,0.52742485,2025-01-20 00:20:00.900241+00:00,BUY,,,
787,596656774,ETH-USD,3197.65,0.00522067,2025-01-20 00:19:45.991693+00:00,BUY,,,
788,596656627,ETH-USD,3201.08,0.16996,2025-01-20 00:19:30.845986+00:00,SELL,,,
789,596656458,ETH-USD,3196.11,0.01742777,2025-01-20 00:19:15.354399+00:00,SELL,,,
790,391463677,ETH-USD,3193.7,0.0313629,2025-01-20 00:19:00.995000+00:00,BUY,,,
791,596656007,ETH-USD,3198.15,0.00004666,2025-01-20 00:18:45.683275+00:00,SELL,,,
792,596655847,ETH-USD,3195.02,0.14286865,2025-01-20 00:18:30.881667+00:00,SELL,,,
793,596655671,ETH-USD,3204.74,0.00902,2025-01-20 00:18:15.976877+00:00,BUY,,,
794,596655469,ETH-USD,3207.7,0.26892,2025-01-20 00:18:00.998114+00:00,BUY,,,
795,596655264,ETH-USD,3205.09,0.00000935,2025-01-20 00:17:45.829559+00:00,SELL,,,
796,596655044,ETH-USD,3196.35,1.22044,2025-01-20 00:17:30.953314+00:00,SELL,,,
797,596654906,ETH-USD,3198.59,0.00030311,2025-01-20 00:17:15.676309+00:00,SELL,,,
798,596654754,ETH-USD,3196.35,1.24389404,2025-01-20 00:17:00.797918+00:00,SELL,,,
799,596654580,ETH-USD,3197.01,0.0469,2025-01-20 00:16:45.689706+00:00,SELL,,,
800,596654449,ETH-USD,3203.67,0.07501932,2025-01-20 00:16:30.956903+00:00,BUY,,,
801,596654287,ETH-USD,3204.58,0.09974609,2025-01-20 00:16:15.953639+00:00,BUY,,,
802,596654104,ETH-USD,3211.84,1.3857735,2025-01-20 00:16:00.603062+00:00,BUY,,,
803,596653954,ETH-USD,3211.39,0.19526653,2025-01-20 00:15:45.662091+00:00,BUY,,,
804,596653806,ETH-USD,3214.06,0.001,2025-01-20 00:15:30.978489+00:00,SELL,,,
805,596653656,ETH-USD,3213.35,0.01557,2025-01-20 00:15:15.978017+00:00,SELL,,,
806,596653460,ETH-USD,3212.49,0.001,2025-01-20 00:15:00.899716+00:00,SELL,,,
807,596653296,ETH-USD,3208.03,0.00004675,2025-01-20 00:14:45.657537+00:00,BUY,,,
808,596653159,ETH-USD,3207.97,0.01691499,2025-01-20 00:14:30.709603+00:00,BUY,,,
809,596653023,ETH-USD,3207.52,1.32350935,2025-01-20 00:14:15.771942+00:00,SELL,,,
810,391460861,ETH-USD,3198.0,0.01431021,2025-01-20 00:14:00.993000+00:00,BUY,,,
811,596652793,ETH-USD,3199.19,0.04251615,2025-01-20 00:13:45.795188+00:00,BUY,,,
812,596652653,ETH-USD,3198.29,0.00129479,2025-01-20 00:13:30.943189+00:00,SELL,,,
813,596652507,ETH-USD,3201.55,0.00001873,2025-01-20 00:13:15.597423+00:00,SELL,,,
814,2025-01-20T00:13:00.432Z-ETH/USD-3206.13-0.03,ETH-USD,3206.13,0.03,2025-01-20 00:13:00.432000+00:00,UNKNOWN_ORDER_SIDE,,,
815,596652260,ETH-USD,3202.45,0.06163184,2025-01-20 00:12:45.969229+00:00,BUY,,,
816,596652137,ETH-USD,3205.12,0.0000009,2025-01-20 00:12:30.978592+00:00,BUY,,,
817,596651959,ETH-USD,3212.49,0.00388549,2025-01-20 00:12:15.974944+00:00,BUY,,,
818,596651791,ETH-USD,3209.76,0.001,2025-01-20 00:12:00.976121+00:00,BUY,,,
819,596651602,ETH-USD,3214.06,1.34064331,2025-01-20 00:11:45.853111+00:00,SELL,,,
820,596651384,ETH-USD,3208.76,0.00315163,2025-01-20 00:11:30.984597+00:00,BUY,,,
821,596651179,ETH-USD,3197.35,0.00155691,2025-01-20 00:11:15.653834+00:00,SELL,,,
822,596651040,ETH-USD,3196.0,0.02636777,2025-01-20 00:11:00.686908+00:00,BUY,,,
823,596650924,ETH-USD,3195.07,0.000247,2025-01-20 00:10:45.972283+00:00,BUY,,,
824,596650756,ETH-USD,3202.21,0.00363661,2025-01-20 00:10:30.956735+00:00,BUY,,,
825,596650547,ETH-USD,3200.79,0.00086049,2025-01-20 00:10:15.967520+00:00,SELL,,,
826,596650401,ETH-USD,3203.61,0.06630903,2025-01-20 00:10:00.694648+00:00,BUY,,,
827,596650220,ETH-USD,3206.04,0.00449203,2025-01-20 00:09:45.903628+00:00,BUY,,,
828,596650054,ETH-USD,3212.34,0.37052892,2025-01-20 00:09:30.988428+00:00,BUY,,,
829,596649914,ETH-USD,3211.36,0.02068595,2025-01-20 00:09:15.802749+00:00,SELL,,,
830,596649780,ETH-USD,3212.55,0.00123649,2025-01-20 00:09:00.847379+00:00,SELL,,,
831,596649696,ETH-USD,3211.52,0.01746213,2025-01-20 00:08:45.871111+00:00,SELL,,,
832,596649545,ETH-USD,3208.48,0.501165,2025-01-20 00:08:30.208526+00:00,BUY,,,
833,596649431,ETH-USD,3215.03,0.33546358,2025-01-20 00:08:15.801217+00:00,SELL,,,
834,596649286,ETH-USD,3223.17,0.07506383,2025-01-20 00:08:00.896055+00:00,SELL,,,
835,596649152,ETH-USD,3218.5,0.04096612,2025-01-20 00:07:45.846737+00:00,BUY,,,
836,596649040,ETH-USD,3209.93,0.00863808,2025-01-20 00:07:30.823486+00:00,SELL,,,
837,596648947,ETH-USD,3208.18,0.001,2025-01-20 00:07:15.419812+00:00,BUY,,,
838,596648772,ETH-USD,3212.17,0.6,2025-01-20 00:07:00.617943+00:00,BUY,,,
839,596648628,ETH-USD,3214.59,0.3893545,2025-01-20 00:06:45.786427+00:00,SELL,,,
840,596648536,ETH-USD,3213.38,0.08687749,2025-01-20 00:06:30.891093+00:00,BUY,,,
841,596648428,ETH-USD,3205.88,0.00569827,2025-01-20 00:06:15.668513+00:00,SELL,,,
842,596648252,ETH-USD,3215.04,2.40009,2025-01-20 00:06:00.298574+00:00,BUY,,,
843,596648009,ETH-USD,3218.16,0.07043967,2025-01-20 00:05:45.986710+00:00,BUY,,,
844,596647818,ETH-USD,3214.04,0.3,2025-01-20 00:05:30.854655+00:00,SELL,,,
845,596647707,ETH-USD,3207.27,0.5,2025-01-20 00:05:15.762940+00:00,BUY,,,
846,596647488,ETH-USD,3203.19,0.04696767,2025-01-20 00:05:00.740223+00:00,BUY,,,
847,596647243,ETH-USD,3196.09,0.501165,2025-01-20 00:04:45.918539+00:00,SELL,,,
848,596647015,ETH-USD,3203.8,0.00703498,2025-01-20 00:04:30.938377+00:00,BUY,,,
849,596646835,ETH-USD,3206.24,0.00267012,2025-01-20 00:04:15.952066+00:00,SELL,,,
850,596646640,ETH-USD,3201.95,0.00006868,2025-01-20 00:04:00.884823+00:00,SELL,,,
851,596646460,ETH-USD,3201.24,0.43599796,2025-01-20 00:03:45.804009+00:00,SELL,,,
852,596646286,ETH-USD,3191.86,0.50054,2025-01-20 00:03:30.541839+00:00,BUY,,,
853,596646098,ETH-USD,3188.38,0.00078208,2025-01-20 00:03:15.860284+00:00,BUY,,,
854,596645793,ETH-USD,3185.69,0.01012537,2025-01-20 00:03:00.660346+00:00,BUY,,,
855,596645426,ETH-USD,3185.66,0.00275045,2025-01-20 00:02:45.825320+00:00,BUY,,,
856,596645242,ETH-USD,3191.58,0.03537165,2025-01-20 00:02:30.897690+00:00,SELL,,,
857,596644963,ETH-USD,3189.67,0.00972465,2025-01-20 00:02:15.875856+00:00,BUY,,,
858,596644753,ETH-USD,3194.15,0.00000312,2025-01-20 00:02:00.735966+00:00,SELL,,,
859,596644520,ETH-USD,3194.71,0.04758159,2025-01-20 00:01:45.998411+00:00,BUY,,,
860,596644363,ETH-USD,3195.0,0.01246638,2025-01-20 00:01:30.902881+00:00,BUY,,,
861,596644157,ETH-USD,3199.45,0.00037593,2025-01-20 00:01:15.989391+00:00,BUY,,,
862,596643964,ETH-USD,3198.51,0.28004082,2025-01-20 00:01:00.580365+00:00,SELL,,,
863,596643722,ETH-USD,3206.16,0.28004,2025-01-20 00:00:45.784762+00:00,SELL,,,
864,596643549,ETH-USD,3206.25,0.00311891,2025-01-20 00:00:30.883544+00:00,BUY,,,
865,596643228,ETH-USD,3207.71,0.18,2025-01-20 00:00:15.990760+00:00,BUY,,,
866,596642917,ETH-USD,3211.39,1.02468717,2025-01-20 00:00:00.978906+00:00,SELL,,,
867,596642534,ETH-USD,3215.98,1.55474,2025-01-19 23:59:45.919063+00:00,SELL,,,
868,596642197,ETH-USD,3213.1,0.65454969,2025-01-19 23:59:30.986813+00:00,BUY,,,
869,596641914,ETH-USD,3213.1,0.00192986,2025-01-19 23:59:15.979093+00:00,BUY,,,
870,596641531,ETH-USD,3209.89,0.50386459,2025-01-19 23:59:00.941656+00:00,BUY,,,
871,596641387,ETH-USD,3207.9,0.00336962,2025-01-19 23:58:45.738833+00:00,SELL,,,
872,596641095,ETH-USD,3209.54,0.00571104,2025-01-19 23:58:30.930358+00:00,SELL,,,
873,596640961,ETH-USD,3206.51,0.54486628,2025-01-19 23:58:15.995720+00:00,BUY,,,
874,596640829,ETH-USD,3203.19,0.00067022,2025-01-19 23:58:00.863367+00:00,BUY,,,
875,596640708,ETH-USD,3206.37,0.69142,2025-01-19 23:57:45.964847+00:00,BUY,,,
876,596640553,ETH-USD,3202.48,0.55570378,2025-01-19 23:57:30.975471+00:00,BUY,,,
877,596640355,ETH-USD,3198.5,0.00438439,2025-01-19 23:57:15.954303+00:00,SELL,,,
878,596640194,ETH-USD,3202.65,0.36992338,2025-01-19 23:57:00.360649+00:00,SELL,,,
879,596640005,ETH-USD,3203.47,0.00231747,2025-01-19 23:56:45.551781+00:00,SELL,,,
880,596639862,ETH-USD,3200.88,0.11291564,2025-01-19 23:56:30.459079+00:00,SELL,,,
881,596639678,ETH-USD,3204.24,0.01833169,2025-01-19 23:56:15.827937+00:00,BUY,,,
882,596639360,ETH-USD,3208.21,1.93449557,2025-01-19 23:56:00.959363+00:00,BUY,,,
883,596638979,ETH-USD,3199.62,0.59416001,2025-01-19 23:55:45.974891+00:00,BUY,,,
884,596638708,ETH-USD,3194.5,0.42163372,2025-01-19 23:55:30.953508+00:00,BUY,,,
885,596638398,ETH-USD,3200.97,0.001,2025-01-19 23:55:15.796853+00:00,BUY,,,
886,596638035,ETH-USD,3204.24,0.001,2025-01-19 23:55:00.834834+00:00,SELL,,,
887,596637911,ETH-USD,3201.39,0.12627746,2025-01-19 23:54:45.756927+00:00,SELL,,,
888,596637751,ETH-USD,3205.51,0.07580691,2025-01-19 23:54:30.656396+00:00,SELL,,,
889,596637568,ETH-USD,3202.5,0.0025462,2025-01-19 23:54:15.698850+00:00,BUY,,,
890,596637322,ETH-USD,3210.3,0.001,2025-01-19 23:54:00.714027+00:00,SELL,,,
891,596637192,ETH-USD,3214.88,0.28111863,2025-01-19 23:53:45.852207+00:00,SELL,,,
892,596637034,ETH-USD,3211.81,0.00299206,2025-01-19 23:53:30.742230+00:00,BUY,,,
893,596636847,ETH-USD,3216.37,0.01813887,2025-01-19 23:53:15.892955+00:00,SELL,,,
894,596636629,ETH-USD,3218.96,0.00051858,2025-01-19 23:53:00.652784+00:00,SELL,,,
895,596636256,ETH-USD,3220.62,1.55249773,2025-01-19 23:52:45.999586+00:00,SELL,,,
896,596635949,ETH-USD,3218.6,0.65713,2025-01-19 23:52:30.988613+00:00,BUY,,,
897,596635592,ETH-USD,3214.34,0.01755059,2025-01-19 23:52:15.930290+00:00,BUY,,,
898,2025-01-19T23:52:00.675Z-ETH/USD-3216.62-0.93,ETH-USD,3216.62,0.93,2025-01-19 23:52:00.675000+00:00,UNKNOWN_ORDER_SIDE,,,
899,596635135,ETH-USD,3215.9,0.01079,2025-01-19 23:51:45.870322+00:00,SELL,,,
900,596634924,ETH-USD,3214.9,1.41913,2025-01-19 23:51:30.982049+00:00,BUY,,,
901,596634773,ETH-USD,3223.04,0.001,2025-01-19 23:51:15.983571+00:00,SELL,,,
902,596634595,ETH-USD,3219.96,0.02330071,2025-01-19 23:51:00.714988+00:00,BUY,,,
903,596634461,ETH-USD,3221.37,0.00153736,2025-01-19 23:50:45.810804+00:00,SELL,,,
904,596634357,ETH-USD,3218.88,0.46583,2025-01-19 23:50:30.988297+00:00,BUY,,,
905,596634099,ETH-USD,3218.74,0.0003107,2025-01-19 23:50:15.970592+00:00,BUY,,,
906,596633890,ETH-USD,3227.93,0.23410487,2025-01-19 23:50:00.960391+00:00,BUY,,,
907,596633786,ETH-USD,3229.79,0.01858924,2025-01-19 23:49:45.839152+00:00,BUY,,,
908,596633656,ETH-USD,3225.42,0.03064021,2025-01-19 23:49:30.972540+00:00,SELL,,,
909,596633520,ETH-USD,3227.38,0.00020116,2025-01-19 23:49:15.716836+00:00,BUY,,,
910,596633330,ETH-USD,3228.43,0.00777,2025-01-19 23:49:00.896928+00:00,BUY,,,
911,596633228,ETH-USD,3235.19,0.00306505,2025-01-19 23:48:45.913358+00:00,SELL,,,
912,596633116,ETH-USD,3235.64,0.00211721,2025-01-19 23:48:30.967047+00:00,SELL,,,
913,596632870,ETH-USD,3232.77,0.01588114,2025-01-19 23:48:15.876989+00:00,SELL,,,
914,596632694,ETH-USD,3231.62,0.0061222,2025-01-19 23:48:00.858394+00:00,SELL,,,
915,596632530,ETH-USD,3232.31,0.01530502,2025-01-19 23:47:45.953555+00:00,SELL,,,
916,596632366,ETH-USD,3233.7,0.001,2025-01-19 23:47:30.004777+00:00,SELL,,,
917,596632184,ETH-USD,3229.26,0.01416666,2025-01-19 23:47:15.731223+00:00,BUY,,,
918,596632011,ETH-USD,3222.81,0.001,2025-01-19 23:47:00.885529+00:00,SELL,,,
919,596631881,ETH-USD,3218.32,0.22041206,2025-01-19 23:46:45.972568+00:00,BUY,,,
920,596631739,ETH-USD,3216.98,0.0095718,2025-01-19 23:46:30.925280+00:00,SELL,,,
921,2025-01-19T23:46:15.883Z-ETH/USD-3225.11-0.46,ETH-USD,3225.11,0.46,2025-01-19 23:46:15.883000+00:00,UNKNOWN_ORDER_SIDE,,,
922,596631431,ETH-USD,3227.69,2,2025-01-19 23:46:00.763023+00:00,BUY,,,
923,596631206,ETH-USD,3225.11,0.0280373,2025-01-19 23:45:45.738517+00:00,SELL,,,
924,596631047,ETH-USD,3222.61,1.55146478,2025-01-19 23:45:30.831208+00:00,BUY,,,
925,596630861,ETH-USD,3221.23,1.29,2025-01-19 23:45:15.885597+00:00,BUY,,,
926,596630625,ETH-USD,3211.83,0.00726386,2025-01-19 23:45:00.929553+00:00,BUY,,,
927,596630464,ETH-USD,3211.04,1.25598929,2025-01-19 23:44:45.981165+00:00,BUY,,,
928,596630131,ETH-USD,3220.84,0.001,2025-01-19 23:44:30.356772+00:00,SELL,,,
929,596629641,ETH-USD,3213.88,2,2025-01-19 23:44:15.991907+00:00,BUY,,,
930,596629147,ETH-USD,3215.47,0.33286578,2025-01-19 23:44:00.588377+00:00,SELL,,,
931,596628844,ETH-USD,3210.41,0.00336842,2025-01-19 23:43:45.919267+00:00,SELL,,,
932,596628579,ETH-USD,3204.08,0.00031996,2025-01-19 23:43:30.870681+00:00,BUY,,,
933,596628295,ETH-USD,3205.58,0.0309318,2025-01-19 23:43:15.661150+00:00,SELL,,,
934,596628056,ETH-USD,3198.29,0.00154935,2025-01-19 23:43:00.634316+00:00,SELL,,,
935,596627892,ETH-USD,3195.29,0.00045805,2025-01-19 23:42:45.934563+00:00,BUY,,,
936,596627735,ETH-USD,3185.47,0.00062623,2025-01-19 23:42:30.848610+00:00,BUY,,,
937,596627609,ETH-USD,3179.24,0.0016459,2025-01-19 23:42:15.964924+00:00,BUY,,,
938,596627455,ETH-USD,3183.93,0.00386385,2025-01-19 23:42:00.834798+00:00,SELL,,,
939,596627168,ETH-USD,3193.5,0.00921963,2025-01-19 23:41:45.758830+00:00,SELL,,,
940,596626958,ETH-USD,3192.85,0.00486669,2025-01-19 23:41:30.675907+00:00,BUY,,,
941,596626771,ETH-USD,3185.98,0.00067305,2025-01-19 23:41:15.876686+00:00,BUY,,,
942,596626535,ETH-USD,3183.7,0.16996,2025-01-19 23:41:00.969973+00:00,SELL,,,
943,596626345,ETH-USD,3180.83,0.69400703,2025-01-19 23:40:45.845170+00:00,SELL,,,
944,596626154,ETH-USD,3182.56,0.1588614,2025-01-19 23:40:30.806698+00:00,SELL,,,
945,596625866,ETH-USD,3180.37,0.00114235,2025-01-19 23:40:15.978436+00:00,BUY,,,
946,596625563,ETH-USD,3167.69,0.00084427,2025-01-19 23:40:00.396148+00:00,BUY,,,
947,596625280,ETH-USD,3175.65,0.02855585,2025-01-19 23:39:45.790033+00:00,BUY,,,
948,596624994,ETH-USD,3177.26,0.00032053,2025-01-19 23:39:30.966913+00:00,BUY,,,
949,596624852,ETH-USD,3180.76,0.00226082,2025-01-19 23:39:15.933652+00:00,BUY,,,
950,596624640,ETH-USD,3184.14,0.00286759,2025-01-19 23:39:00.949159+00:00,BUY,,,
951,2025-01-19T23:38:45.896Z-ETH/USD-3191.157-1.13,ETH-USD,3191.157,1.13,2025-01-19 23:38:45.896000+00:00,UNKNOWN_ORDER_SIDE,,,
952,596624262,ETH-USD,3191.13,0.5,2025-01-19 23:38:30.989146+00:00,SELL,,,
953,596623958,ETH-USD,3178.2,0.00415316,2025-01-19 23:38:15.718301+00:00,BUY,,,
954,596623604,ETH-USD,3191.2,0.01587896,2025-01-19 23:38:00.948110+00:00,BUY,,,
955,596623408,ETH-USD,3194.68,0.0607417,2025-01-19 23:37:45.902876+00:00,BUY,,,
956,596623154,ETH-USD,3195.22,0.00415273,2025-01-19 23:37:30.970376+00:00,SELL,,,
957,596623000,ETH-USD,3195.84,0.12514157,2025-01-19 23:37:15.722866+00:00,BUY,,,
958,596622822,ETH-USD,3193.2,0.26692577,2025-01-19 23:37:00.868306+00:00,BUY,,,
959,596622675,ETH-USD,3196.05,0.00117422,2025-01-19 23:36:45.629788+00:00,BUY,,,
960,596622438,ETH-USD,3196.42,0.00226077,2025-01-19 23:36:30.857087+00:00,SELL,,,
961,596622242,ETH-USD,3197.48,0.00000052,2025-01-19 23:36:15.905379+00:00,SELL,,,
962,596622075,ETH-USD,3203.7,0.6,2025-01-19 23:36:00.768207+00:00,BUY,,,
963,596621922,ETH-USD,3211.84,0.6,2025-01-19 23:35:45.957551+00:00,BUY,,,
964,596621748,ETH-USD,3206.89,0.16996,2025-01-19 23:35:30.993387+00:00,SELL,,,
965,2025-01-19T23:35:15.934Z-ETH/USD-3204.383-0.02,ETH-USD,3204.383,0.02,2025-01-19 23:35:15.934000+00:00,UNKNOWN_ORDER_SIDE,,,
966,596621300,ETH-USD,3219.12,0.07771676,2025-01-19 23:35:00.785417+00:00,BUY,,,
967,596621060,ETH-USD,3216.92,0.99639,2025-01-19 23:34:45.644312+00:00,BUY,,,
968,596620873,ETH-USD,3212.48,0.00000622,2025-01-19 23:34:30.890121+00:00,SELL,,,
969,596620544,ETH-USD,3216.31,1.55457386,2025-01-19 23:34:15.935539+00:00,BUY,,,
970,596620299,ETH-USD,3207.83,0.52156,2025-01-19 23:34:00.978432+00:00,SELL,,,
971,596619974,ETH-USD,3201.66,0.00046832,2025-01-19 23:33:45.969520+00:00,BUY,,,
972,596619711,ETH-USD,3192.21,0.00011899,2025-01-19 23:33:30.580125+00:00,SELL,,,
973,596619499,ETH-USD,3188.4,0.24649249,2025-01-19 23:33:15.873243+00:00,BUY,,,
974,596619295,ETH-USD,3181.24,1.04115515,2025-01-19 23:33:00.515034+00:00,SELL,,,
975,596619096,ETH-USD,3179.72,0.00108705,2025-01-19 23:32:45.919093+00:00,BUY,,,
976,596618790,ETH-USD,3177.22,0.00509797,2025-01-19 23:32:30.981173+00:00,BUY,,,
977,596618432,ETH-USD,3183.0,2.36717337,2025-01-19 23:32:15.992132+00:00,BUY,,,
978,2025-01-19T23:32:00.982Z-ETH/USD-3192.305-0.2,ETH-USD,3192.305,0.2,2025-01-19 23:32:00.982000+00:00,UNKNOWN_ORDER_SIDE,,,
979,596617537,ETH-USD,3184.79,0.01133894,2025-01-19 23:31:45.985368+00:00,SELL,,,
980,596617099,ETH-USD,3175.09,0.00093503,2025-01-19 23:31:30.914943+00:00,SELL,,,
981,596616664,ETH-USD,3172.4,0.38794,2025-01-19 23:31:15.842657+00:00,BUY,,,
982,596616089,ETH-USD,3164.57,1.33597064,2025-01-19 23:31:00.985670+00:00,SELL,,,
983,2025-01-19T23:30:45.917Z-ETH/USD-3161.99-0.24,ETH-USD,3161.99,0.24,2025-01-19 23:30:45.917000+00:00,UNKNOWN_ORDER_SIDE,,,
984,596615493,ETH-USD,3173.21,0.99553042,2025-01-19 23:30:30.873588+00:00,SELL,,,
985,596615222,ETH-USD,3185.46,0.79322819,2025-01-19 23:30:15.845523+00:00,BUY,,,
986,596614818,ETH-USD,3171.15,0.01036691,2025-01-19 23:30:00.958157+00:00,SELL,,,
987,596614361,ETH-USD,3162.0,1.28678194,2025-01-19 23:29:45.999891+00:00,BUY,,,
988,596614117,ETH-USD,3174.24,1.57517729,2025-01-19 23:29:30.898682+00:00,BUY,,,
989,596613854,ETH-USD,3166.81,0.001,2025-01-19 23:29:15.969199+00:00,BUY,,,
990,596613565,ETH-USD,3167.93,0.03362506,2025-01-19 23:29:00.901189+00:00,BUY,,,
991,596613297,ETH-USD,3171.57,0.001,2025-01-19 23:28:45.955181+00:00,BUY,,,
992,596613088,ETH-USD,3173.12,0.001,2025-01-19 23:28:30.950591+00:00,BUY,,,
993,596612847,ETH-USD,3175.0,0.00000382,2025-01-19 23:28:15.964539+00:00,BUY,,,
994,596612651,ETH-USD,3176.18,0.62944001,2025-01-19 23:28:00.983348+00:00,BUY,,,
995,596612338,ETH-USD,3169.17,0.18703,2025-01-19 23:27:45.999025+00:00,SELL,,,
996,596612004,ETH-USD,3177.19,0.00060411,2025-01-19 23:27:30.682708+00:00,BUY,,,
997,596611790,ETH-USD,3185.61,0.44828911,2025-01-19 23:27:15.997195+00:00,BUY,,,
998,596611600,ETH-USD,3187.89,1.56843,2025-01-19 23:27:00.804337+00:00,BUY,,,
999,596611363,ETH-USD,3190.37,0.00247716,2025-01-19 23:26:45.663942+00:00,SELL,,,
1000,596611090,ETH-USD,3190.24,0.00105097,2025-01-19 23:26:30.662471+00:00,BUY,,,
1001,596610890,ETH-USD,3194.45,0.00067301,2025-01-19 23:26:15.976110+00:00,BUY,,,
1002,596610705,ETH-USD,3193.57,0.001,2025-01-19 23:26:00.876586+00:00,BUY,,,
1003,596610608,ETH-USD,3196.42,0.00365458,2025-01-19 23:25:45.856765+00:00,SELL,,,
1004,596610422,ETH-USD,3195.03,0.03755371,2025-01-19 23:25:30.785415+00:00,BUY,,,
1005,596610217,ETH-USD,3196.96,0.15183176,2025-01-19 23:25:15.690055+00:00,SELL,,,
1006,596610093,ETH-USD,3200.46,0.00567983,2025-01-19 23:25:00.684006+00:00,BUY,,,
1007,596609942,ETH-USD,3204.64,0.00300277,2025-01-19 23:24:45.808177+00:00,BUY,,,
1008,596609765,ETH-USD,3211.45,0.03456078,2025-01-19 23:24:30.306826+00:00,BUY,,,
1009,596609622,ETH-USD,3212.07,0.00045332,2025-01-19 23:24:15.975940+00:00,BUY,,,
1010,596609487,ETH-USD,3219.55,0.00157131,2025-01-19 23:24:00.734350+00:00,BUY,,,
1011,596609273,ETH-USD,3215.28,0.00568558,2025-01-19 23:23:45.791608+00:00,SELL,,,
1012,391423569,ETH-USD,3212.4,0.0451,2025-01-19 23:23:30.942000+00:00,SELL,,,
1013,596608858,ETH-USD,3221.41,0.00182636,2025-01-19 23:23:15.884541+00:00,SELL,,,
1014,2025-01-19T23:23:00.066Z-ETH/USD-3216.32-4.4,ETH-USD,3216.32,4.4,2025-01-19 23:23:00.066000+00:00,UNKNOWN_ORDER_SIDE,,,
1015,596608461,ETH-USD,3216.02,0.00025135,2025-01-19 23:22:45.637679+00:00,SELL,,,
1016,596608258,ETH-USD,3211.13,0.00227639,2025-01-19 23:22:30.842972+00:00,SELL,,,
1017,596608114,ETH-USD,3208.61,1.11584717,2025-01-19 23:22:15.900171+00:00,BUY,,,
1018,596607883,ETH-USD,3201.49,0.00119947,2025-01-19 23:22:00.872353+00:00,BUY,,,
1019,596607671,ETH-USD,3202.06,0.05,2025-01-19 23:21:45.970912+00:00,BUY,,,
1020,596607511,ETH-USD,3199.59,0.00058,2025-01-19 23:21:30.818947+00:00,BUY,,,
1021,596607292,ETH-USD,3202.07,0.00100223,2025-01-19 23:21:15.773553+00:00,BUY,,,
1022,596607034,ETH-USD,3199.03,0.5909052,2025-01-19 23:21:00.790455+00:00,BUY,,,
1023,596606776,ETH-USD,3197.21,0.00032176,2025-01-19 23:20:45.826648+00:00,BUY,,,
1024,596606506,ETH-USD,3186.61,0.00153079,2025-01-19 23:20:30.938951+00:00,BUY,,,
1025,596606225,ETH-USD,3186.83,0.00029246,2025-01-19 23:20:15.896800+00:00,BUY,,,
1026,596605852,ETH-USD,3185.08,0.44142,2025-01-19 23:20:00.750409+00:00,BUY,,,
1027,596605556,ETH-USD,3179.44,0.00123016,2025-01-19 23:19:45.827466+00:00,BUY,,,
1028,596605231,ETH-USD,3178.94,2.88821199,2025-01-19 23:19:30.913569+00:00,SELL,,,
1029,596604846,ETH-USD,3179.31,0.24649249,2025-01-19 23:19:15.958286+00:00,BUY,,,
1030,596604487,ETH-USD,3184.94,0.20602,2025-01-19 23:19:00.940075+00:00,BUY,,,
1031,596604208,ETH-USD,3194.19,0.06083276,2025-01-19 23:18:45.856311+00:00,SELL,,,
1032,596604060,ETH-USD,3197.19,0.00008031,2025-01-19 23:18:30.727917+00:00,SELL,,,
1033,596603839,ETH-USD,3192.97,0.05,2025-01-19 23:18:15.987574+00:00,BUY,,,
1034,596603531,ETH-USD,3199.41,0.00154252,2025-01-19 23:18:00.963159+00:00,BUY,,,
1035,596603296,ETH-USD,3205.62,0.08874478,2025-01-19 23:17:45.330393+00:00,BUY,,,
1036,596603149,ETH-USD,3209.57,0.00000889,2025-01-19 23:17:30.967522+00:00,BUY,,,
1037,596602982,ETH-USD,3212.6,0.33452661,2025-01-19 23:17:15.837854+00:00,SELL,,,
1038,596602801,ETH-USD,3218.24,0.09259324,2025-01-19 23:17:00.942596+00:00,BUY,,,
1039,596602623,ETH-USD,3217.81,0.44249576,2025-01-19 23:16:45.886497+00:00,BUY,,,
1040,596602451,ETH-USD,3214.8,0.00010265,2025-01-19 23:16:30.984730+00:00,BUY,,,
1041,596602291,ETH-USD,3212.63,0.27085272,2025-01-19 23:16:15.789612+00:00,BUY,,,
1042,596602062,ETH-USD,3207.64,0.00243636,2025-01-19 23:16:00.602947+00:00,SELL,,,
1043,596601884,ETH-USD,3206.77,0.00252854,2025-01-19 23:15:45.641679+00:00,BUY,,,
1044,596601622,ETH-USD,3203.53,0.00152424,2025-01-19 23:15:30.958632+00:00,BUY,,,
1045,596601380,ETH-USD,3201.27,0.24649249,2025-01-19 23:15:15.822373+00:00,SELL,,,
1046,596601031,ETH-USD,3190.72,0.00152039,2025-01-19 23:15:00.923655+00:00,SELL,,,
1047,596600711,ETH-USD,3198.14,0.00022974,2025-01-19 23:14:45.748460+00:00,SELL,,,
1048,596600471,ETH-USD,3191.08,1.1137,2025-01-19 23:14:30.900865+00:00,SELL,,,
1049,596600068,ETH-USD,3194.54,1.251215,2025-01-19 23:14:15.895588+00:00,SELL,,,
1050,596599831,ETH-USD,3194.63,0.00061383,2025-01-19 23:14:00.985026+00:00,SELL,,,
1051,596599668,ETH-USD,3189.41,0.12443093,2025-01-19 23:13:45.996664+00:00,SELL,,,
1052,2025-01-19T23:13:30.991Z-ETH/USD-3192.87-0.11,ETH-USD,3192.87,0.11,2025-01-19 23:13:30.991000+00:00,UNKNOWN_ORDER_SIDE,,,
1053,596599109,ETH-USD,3203.28,0.001,2025-01-19 23:13:15.957540+00:00,BUY,,,
1054,596598955,ETH-USD,3207.8,0.49117845,2025-01-19 23:13:00.961834+00:00,BUY,,,
1055,596598824,ETH-USD,3211.41,0.1,2025-01-19 23:12:45.760943+00:00,SELL,,,
1056,596598519,ETH-USD,3205.62,0.25730044,2025-01-19 23:12:30.874586+00:00,SELL,,,
1057,596598291,ETH-USD,3205.06,0.04900886,2025-01-19 23:12:15.640050+00:00,BUY,,,
1058,596598147,ETH-USD,3210.4,0.00000757,2025-01-19 23:12:00.491030+00:00,SELL,,,
1059,596598013,ETH-USD,3213.94,0.01,2025-01-19 23:11:45.865853+00:00,BUY,,,
1060,596597779,ETH-USD,3220.36,1.17241,2025-01-19 23:11:30.405851+00:00,BUY,,,
1061,596597513,ETH-USD,3220.76,0.02346592,2025-01-19 23:11:15.775059+00:00,SELL,,,
1062,596597105,ETH-USD,3226.88,0.00084889,2025-01-19 23:11:00.816834+00:00,BUY,,,
1063,596596810,ETH-USD,3226.42,0.0071993,2025-01-19 23:10:45.947718+00:00,SELL,,,
1064,596596486,ETH-USD,3231.65,0.00056849,2025-01-19 23:10:30.990188+00:00,BUY,,,
1065,596596175,ETH-USD,3235.26,0.00086618,2025-01-19 23:10:15.771638+00:00,BUY,,,
1066,2025-01-19T23:10:00.972Z-ETH/USD-3237.44-0.04,ETH-USD,3237.44,0.04,2025-01-19 23:10:00.972000+00:00,UNKNOWN_ORDER_SIDE,,,
1067,596595704,ETH-USD,3239.42,0.00465543,2025-01-19 23:09:45.820054+00:00,BUY,,,
1068,596595481,ETH-USD,3234.35,0.001,2025-01-19 23:09:30.753193+00:00,SELL,,,
1069,596595365,ETH-USD,3227.74,0.06384318,2025-01-19 23:09:15.231948+00:00,BUY,,,
1070,596595270,ETH-USD,3227.41,0.01059518,2025-01-19 23:09:00.882840+00:00,BUY,,,
1071,596595139,ETH-USD,3227.88,0.06261754,2025-01-19 23:08:45.745704+00:00,SELL,,,
1072,596595012,ETH-USD,3226.39,0.2,2025-01-19 23:08:30.759213+00:00,SELL,,,
1073,596594893,ETH-USD,3227.68,0.00002654,2025-01-19 23:08:14.630793+00:00,SELL,,,
1074,596594702,ETH-USD,3228.07,0.08838916,2025-01-19 23:07:58.758895+00:00,BUY,,,
1075,596594554,ETH-USD,3230.32,0.22674,2025-01-19 23:07:43.799006+00:00,BUY,,,
1076,596594379,ETH-USD,3225.94,0.03035119,2025-01-19 23:07:28.518798+00:00,BUY,,,
1077,596594269,ETH-USD,3232.8,0.00580591,2025-01-19 23:07:13.989339+00:00,BUY,,,
1078,596594095,ETH-USD,3229.62,3.25178075,2025-01-19 23:06:58.928351+00:00,BUY,,,
1079,596593837,ETH-USD,3226.28,0.00074422,2025-01-19 23:06:43.783742+00:00,BUY,,,
1080,596593651,ETH-USD,3234.17,0.00596972,2025-01-19 23:06:28.823101+00:00,BUY,,,
1081,596593340,ETH-USD,3228.65,0.00061816,2025-01-19 23:06:13.827654+00:00,BUY,,,
1082,596592808,ETH-USD,3227.76,0.16031484,2025-01-19 23:05:58.950509+00:00,SELL,,,
1083,596592523,ETH-USD,3231.52,0.52998908,2025-01-19 23:05:43.962303+00:00,BUY,,,
1084,596592191,ETH-USD,3232.11,0.03069128,2025-01-19 23:05:28.918412+00:00,BUY,,,
1085,596591911,ETH-USD,3231.3,0.23153785,2025-01-19 23:05:13.991475+00:00,SELL,,,
1086,596591585,ETH-USD,3217.8,0.02086532,2025-01-19 23:04:58.969071+00:00,BUY,,,
1087,596591210,ETH-USD,3212.67,0.00085247,2025-01-19 23:04:43.900621+00:00,BUY,,,
1088,596590863,ETH-USD,3203.48,0.00572426,2025-01-19 23:04:28.966753+00:00,SELL,,,
1089,596590390,ETH-USD,3209.48,0.000735,2025-01-19 23:04:13.605787+00:00,BUY,,,
1090,596590191,ETH-USD,3212.94,0.0046543,2025-01-19 23:03:58.968185+00:00,SELL,,,
1091,596590009,ETH-USD,3213.03,0.00119305,2025-01-19 23:03:43.922729+00:00,BUY,,,
1092,596589850,ETH-USD,3221.88,0.0363106,2025-01-19 23:03:28.864147+00:00,BUY,,,
1093,596589578,ETH-USD,3219.87,0.12962542,2025-01-19 23:03:13.894444+00:00,SELL,,,
1094,596589374,ETH-USD,3219.34,0.03561318,2025-01-19 23:02:58.906913+00:00,BUY,,,
1095,596589148,ETH-USD,3215.31,6.14199361,2025-01-19 23:02:43.660015+00:00,SELL,,,
1096,596588930,ETH-USD,3214.96,0.0000003,2025-01-19 23:02:28.815577+00:00,BUY,,,
1097,596588692,ETH-USD,3220.3,0.02936464,2025-01-19 23:02:13.986936+00:00,BUY,,,
1098,596588420,ETH-USD,3224.85,0.02803642,2025-01-19 23:01:58.530896+00:00,BUY,,,
1099,596588003,ETH-USD,3210.01,0.01095195,2025-01-19 23:01:43.892778+00:00,SELL,,,
1100,596587708,ETH-USD,3235.0,0.01648726,2025-01-19 23:01:28.067861+00:00,SELL,,,
1101,596587526,ETH-USD,3235.58,0.00132826,2025-01-19 23:01:13.959691+00:00,BUY,,,
1102,596587246,ETH-USD,3235.68,0.00608951,2025-01-19 23:00:57.918582+00:00,BUY,,,
1103,596586975,ETH-USD,3248.34,0.00382087,2025-01-19 23:00:42.877137+00:00,BUY,,,
1104,596586724,ETH-USD,3251.0,0.05927175,2025-01-19 23:00:27.939783+00:00,BUY,,,
1105,596586380,ETH-USD,3253.53,2,2025-01-19 23:00:12.998560+00:00,BUY,,,
1106,596585786,ETH-USD,3264.09,0.2,2025-01-19 22:59:57.953913+00:00,SELL,,,
1107,391404761,ETH-USD,3263.0,0.00373074,2025-01-19 22:59:42.844000+00:00,BUY,,,
1108,596585463,ETH-USD,3260.53,1.22604543,2025-01-19 22:59:27.985007+00:00,SELL,,,
1109,596585212,ETH-USD,3252.47,0.03688925,2025-01-19 22:59:12.930710+00:00,BUY,,,
1110,596584965,ETH-USD,3257.03,0.01458382,2025-01-19 22:58:57.971010+00:00,BUY,,,
1111,596584749,ETH-USD,3256.93,7.66329455,2025-01-19 22:58:42.318972+00:00,BUY,,,
1112,596584507,ETH-USD,3260.36,0.2,2025-01-19 22:58:27.911637+00:00,SELL,,,
1113,596584311,ETH-USD,3261.3,0.03007206,2025-01-19 22:58:12.933074+00:00,SELL,,,
1114,596584118,ETH-USD,3260.56,0.03,2025-01-19 22:57:57.898718+00:00,BUY,,,
1115,596583960,ETH-USD,3258.6,0.00578253,2025-01-19 22:57:42.898883+00:00,BUY,,,
1116,596583832,ETH-USD,3258.26,0.00034722,2025-01-19 22:57:27.865224+00:00,SELL,,,
1117,596583657,ETH-USD,3257.9,0.00000018,2025-01-19 22:57:12.825556+00:00,SELL,,,
1118,596583527,ETH-USD,3249.81,0.02309473,2025-01-19 22:56:57.985560+00:00,BUY,,,
1119,596583286,ETH-USD,3253.44,0.00683826,2025-01-19 22:56:42.939052+00:00,BUY,,,
1120,596583107,ETH-USD,3255.7,0.00000567,2025-01-19 22:56:27.665071+00:00,SELL,,,
1121,596582868,ETH-USD,3249.71,0.01031129,2025-01-19 22:56:12.895602+00:00,BUY,,,
1122,596582708,ETH-USD,3244.34,0.00056806,2025-01-19 22:55:57.997883+00:00,SELL,,,
1123,596582398,ETH-USD,3243.43,0.001,2025-01-19 22:55:42.957864+00:00,SELL,,,
1124,596582133,ETH-USD,3232.9,0.31,2025-01-19 22:55:27.705866+00:00,SELL,,,
1125,596581910,ETH-USD,3231.28,0.01292759,2025-01-19 22:55:12.914160+00:00,SELL,,,
1126,596581635,ETH-USD,3244.06,0.00075631,2025-01-19 22:54:57.594092+00:00,BUY,,,
1127,596581345,ETH-USD,3241.06,0.00008267,2025-01-19 22:54:42.356307+00:00,SELL,,,
1128,596581169,ETH-USD,3233.13,0.00039436,2025-01-19 22:54:27.968525+00:00,BUY,,,
1129,596580844,ETH-USD,3236.29,0.0006,2025-01-19 22:54:12.960912+00:00,BUY,,,
1130,596580275,ETH-USD,3230.65,0.0006,2025-01-19 22:53:57.989611+00:00,BUY,,,
1131,596579896,ETH-USD,3223.42,3.2013979,2025-01-19 22:53:42.804138+00:00,BUY,,,
1132,596579557,ETH-USD,3225.47,0.13560954,2025-01-19 22:53:27.965926+00:00,BUY,,,
1133,596579091,ETH-USD,3223.91,1.57436,2025-01-19 22:53:12.986322+00:00,BUY,,,
1134,596578755,ETH-USD,3230.34,0.00797577,2025-01-19 22:52:57.945197+00:00,BUY,,,
1135,596578551,ETH-USD,3229.09,0.14671742,2025-01-19 22:52:42.758052+00:00,BUY,,,
1136,596578385,ETH-USD,3223.91,0.01553,2025-01-19 22:52:27.939364+00:00,SELL,,,
1137,596578096,ETH-USD,3219.1,0.2,2025-01-19 22:52:12.972667+00:00,SELL,,,
1138,391399770,ETH-USD,3216.9,3.10867017,2025-01-19 22:51:57.723000+00:00,BUY,,,
1139,596577503,ETH-USD,3212.85,0.01223716,2025-01-19 22:51:42.986997+00:00,SELL,,,
1140,596577256,ETH-USD,3202.93,0.00082658,2025-01-19 22:51:27.892722+00:00,BUY,,,
1141,596577081,ETH-USD,3197.14,0.06324327,2025-01-19 22:51:12.988457+00:00,BUY,,,
1142,596576825,ETH-USD,3194.65,0.55499119,2025-01-19 22:50:57.983314+00:00,BUY,,,
1143,596576449,ETH-USD,3196.93,0.00297771,2025-01-19 22:50:42.908399+00:00,BUY,,,
1144,596576203,ETH-USD,3192.33,0.0006,2025-01-19 22:50:27.989489+00:00,SELL,,,
1145,596575996,ETH-USD,3209.95,0.00181128,2025-01-19 22:50:12.849317+00:00,BUY,,,
1146,391397668,ETH-USD,3203.0,0.20250279,2025-01-19 22:49:57.686000+00:00,BUY,,,
1147,596575596,ETH-USD,3203.6,0.60680811,2025-01-19 22:49:42.954084+00:00,SELL,,,
1148,596574932,ETH-USD,3202.73,0.23732109,2025-01-19 22:49:27.884764+00:00,BUY,,,
1149,596574624,ETH-USD,3186.43,0.00005019,2025-01-19 22:49:12.914926+00:00,SELL,,,
1150,596574311,ETH-USD,3172.4,0.07785066,2025-01-19 22:48:57.781170+00:00,BUY,,,
1151,596573958,ETH-USD,3184.08,0.17743996,2025-01-19 22:48:42.957293+00:00,BUY,,,
1152,596573594,ETH-USD,3198.67,0.00011875,2025-01-19 22:48:27.912825+00:00,SELL,,,
1153,596573386,ETH-USD,3199.28,0.00599905,2025-01-19 22:48:12.912671+00:00,SELL,,,
1154,596572995,ETH-USD,3209.75,0.04500266,2025-01-19 22:47:57.841237+00:00,SELL,,,
1155,596572793,ETH-USD,3213.1,0.00446817,2025-01-19 22:47:42.845611+00:00,BUY,,,
1156,596572580,ETH-USD,3215.58,0.00123016,2025-01-19 22:47:27.647972+00:00,SELL,,,
1157,596572340,ETH-USD,3219.22,0.00094772,2025-01-19 22:47:12.984423+00:00,BUY,,,
1158,596572017,ETH-USD,3230.69,0.0773156,2025-01-19 22:46:57.847554+00:00,BUY,,,
1159,596571774,ETH-USD,3232.98,0.00027666,2025-01-19 22:46:42.856992+00:00,SELL,,,
1160,596571576,ETH-USD,3232.44,0.00075924,2025-01-19 22:46:27.984925+00:00,BUY,,,
1161,596571354,ETH-USD,3235.26,0.00073243,2025-01-19 22:46:12.713890+00:00,BUY,,,
1162,391390841,ETH-USD,3239.6,0.07032142,2025-01-19 22:45:57.825000+00:00,SELL,,,
1163,596571192,ETH-USD,3241.38,0.00004936,2025-01-19 22:45:42.981849+00:00,BUY,,,
1164,596571089,ETH-USD,3242.09,0.01063404,2025-01-19 22:45:27.702245+00:00,SELL,,,
1165,391390535,ETH-USD,3244.4,0.00841537,2025-01-19 22:45:12.994000+00:00,SELL,,,
1166,596570736,ETH-USD,3251.85,0.00008268,2025-01-19 22:44:57.348828+00:00,SELL,,,
1167,596570621,ETH-USD,3247.89,0.90212679,2025-01-19 22:44:42.433188+00:00,BUY,,,
1168,596570462,ETH-USD,3242.48,0.01187184,2025-01-19 22:44:27.683810+00:00,SELL,,,
1169,596570262,ETH-USD,3239.71,0.24277476,2025-01-19 22:44:12.956687+00:00,BUY,,,
1170,596570038,ETH-USD,3238.7,0.03090999,2025-01-19 22:43:57.150080+00:00,BUY,,,
1171,596569883,ETH-USD,3230.83,0.27595295,2025-01-19 22:43:42.696089+00:00,BUY,,,
1172,596569721,ETH-USD,3227.69,0.00004957,2025-01-19 22:43:27.996031+00:00,BUY,,,
1173,596569587,ETH-USD,3229.26,0.00002476,2025-01-19 22:43:12.813197+00:00,SELL,,,
1174,596569473,ETH-USD,3231.63,0.01122515,2025-01-19 22:42:56.664377+00:00,SELL,,,
1175,596569302,ETH-USD,3236.0,1.54511434,2025-01-19 22:42:41.951339+00:00,BUY,,,
1176,596569162,ETH-USD,3235.89,0.00484863,2025-01-19 22:42:26.412488+00:00,SELL,,,
1177,596568983,ETH-USD,3236.64,0.01898483,2025-01-19 22:42:11.136866+00:00,BUY,,,
1178,596568823,ETH-USD,3232.41,0.00296328,2025-01-19 22:41:56.865167+00:00,SELL,,,
1179,596568716,ETH-USD,3232.32,0.00012172,2025-01-19 22:41:41.736386+00:00,SELL,,,
1180,391388185,ETH-USD,3233.8,0.0085477,2025-01-19 22:41:26.583000+00:00,SELL,,,
1181,596568446,ETH-USD,3235.19,0.00888888,2025-01-19 22:41:11.966032+00:00,SELL,,,
1182,596568271,ETH-USD,3240.96,0.00000811,2025-01-19 22:40:55.859649+00:00,SELL,,,
1183,596568022,ETH-USD,3240.96,0.22428854,2025-01-19 22:40:40.896196+00:00,SELL,,,
1184,596567901,ETH-USD,3237.09,0.0015871,2025-01-19 22:40:25.780097+00:00,BUY,,,
1185,596567735,ETH-USD,3237.07,0.01531137,2025-01-19 22:40:10.599714+00:00,BUY,,,
1186,596567453,ETH-USD,3228.17,0.00452705,2025-01-19 22:39:55.380128+00:00,BUY,,,
1187,596567211,ETH-USD,3225.78,0.00053918,2025-01-19 22:39:40.932872+00:00,BUY,,,
1188,596566966,ETH-USD,3230.68,0.01099576,2025-01-19 22:39:25.958267+00:00,SELL,,,
1189,596566762,ETH-USD,3235.06,0.00085064,2025-01-19 22:39:10.876886+00:00,SELL,,,
1190,596566560,ETH-USD,3239.93,0.00033045,2025-01-19 22:38:55.646762+00:00,BUY,,,
1191,596566416,ETH-USD,3240.61,0.00853794,2025-01-19 22:38:40.839736+00:00,SELL,,,
1192,596566284,ETH-USD,3242.59,0.00252079,2025-01-19 22:38:25.863089+00:00,SELL,,,
1193,596566167,ETH-USD,3242.72,0.00761706,2025-01-19 22:38:10.799309+00:00,BUY,,,
1194,596566048,ETH-USD,3243.93,0.08776489,2025-01-19 22:37:55.851854+00:00,SELL,,,
1195,596565917,ETH-USD,3241.47,0.001,2025-01-19 22:37:40.510268+00:00,BUY,,,
1196,596565746,ETH-USD,3241.86,0.00046289,2025-01-19 22:37:25.817836+00:00,SELL,,,
1197,596565535,ETH-USD,3247.66,0.01094776,2025-01-19 22:37:10.904410+00:00,BUY,,,
1198,596565328,ETH-USD,3246.82,0.01095059,2025-01-19 22:36:55.399032+00:00,BUY,,,
1199,596565174,ETH-USD,3246.11,0.0369631,2025-01-19 22:36:40.791668+00:00,BUY,,,
1200,596565014,ETH-USD,3236.26,1.54499441,2025-01-19 22:36:25.946631+00:00,SELL,,,
1201,596564811,ETH-USD,3235.72,0.01098816,2025-01-19 22:36:10.988180+00:00,BUY,,,
1202,596564486,ETH-USD,3236.83,0.00001644,2025-01-19 22:35:55.732510+00:00,SELL,,,
1203,596564050,ETH-USD,3251.37,0.92203573,2025-01-19 22:35:40.707438+00:00,BUY,,,
1204,596563949,ETH-USD,3252.46,0.04844721,2025-01-19 22:35:25.760537+00:00,SELL,,,
1205,596563799,ETH-USD,3256.44,0.00005216,2025-01-19 22:35:10.363685+00:00,SELL,,,
1206,596563611,ETH-USD,3258.0,0.00040472,2025-01-19 22:34:55.766928+00:00,BUY,,,
1207,596563428,ETH-USD,3262.43,0.01528684,2025-01-19 22:34:40.658455+00:00,SELL,,,
1208,596563207,ETH-USD,3266.97,0.00969973,2025-01-19 22:34:25.840200+00:00,BUY,,,
1209,596563058,ETH-USD,3269.0,0.00000932,2025-01-19 22:34:10.789132+00:00,SELL,,,
1210,596562878,ETH-USD,3271.16,0.00053915,2025-01-19 22:33:55.920421+00:00,BUY,,,
1211,596562770,ETH-USD,3275.1,0.001,2025-01-19 22:33:40.619129+00:00,BUY,,,
1212,596562650,ETH-USD,3277.89,0.00274755,2025-01-19 22:33:25.788676+00:00,BUY,,,
1213,596562536,ETH-USD,3276.79,0.00212146,2025-01-19 22:33:10.805116+00:00,SELL,,,
1214,596562381,ETH-USD,3276.7,0.00052509,2025-01-19 22:32:55.881884+00:00,BUY,,,
1215,596562279,ETH-USD,3274.07,0.00379358,2025-01-19 22:32:40.976954+00:00,BUY,,,
1216,596562160,ETH-USD,3276.22,0.00151291,2025-01-19 22:32:25.873747+00:00,SELL,,,
1217,596562004,ETH-USD,3270.78,0.00060026,2025-01-19 22:32:10.973225+00:00,BUY,,,
1218,596561870,ETH-USD,3270.59,0.00053918,2025-01-19 22:31:55.718274+00:00,BUY,,,
1219,596561726,ETH-USD,3271.41,0.00340846,2025-01-19 22:31:40.984333+00:00,BUY,,,
1220,596561589,ETH-USD,3273.15,0.00053922,2025-01-19 22:31:25.874714+00:00,BUY,,,
1221,596561470,ETH-USD,3273.51,0.00502297,2025-01-19 22:31:10.789927+00:00,BUY,,,
1222,596561368,ETH-USD,3277.5,0.14183329,2025-01-19 22:30:55.633692+00:00,SELL,,,
1223,596561214,ETH-USD,3283.99,0.01,2025-01-19 22:30:40.833431+00:00,SELL,,,
