,trade_id,product_id,price,size,time,side,exchange,bid,ask,trades,best_bid,best_ask
0,581175205,ETH-USD,3918.31,0.00280733,2024-12-12 04:25:39.989985+00:00,BUY,,,,,,
1,581174903,ETH-USD,3922.21,0.01,2024-12-12 04:25:24.926378+00:00,SELL,,,,,,
2,581174773,ETH-USD,3922.29,0.00637389,2024-12-12 04:25:09.615033+00:00,BUY,,,,,,
3,581174634,ETH-USD,3922.74,0.00000001,2024-12-12 04:24:54.892312+00:00,BUY,,,,,,
4,581174466,ETH-USD,3925.19,0.00190136,2024-12-12 04:24:39.989397+00:00,SELL,,,,,,
5,581174357,ETH-USD,3925.41,0.00006114,2024-12-12 04:24:24.711015+00:00,BUY,,,,,,
6,581174274,ETH-USD,3926.01,0.17180949,2024-12-12 04:24:09.478095+00:00,BUY,,,,,,
7,581174189,ETH-USD,3925.98,0.02346832,2024-12-12 04:23:54.797690+00:00,SELL,,,,,,
8,581174096,ETH-USD,3924.55,0.0251886,2024-12-12 04:23:39.479600+00:00,SELL,,,,,,
9,581173887,ETH-USD,3926.22,0.00080281,2024-12-12 04:23:24.755407+00:00,SELL,,,,,,
10,581173831,ETH-USD,3929.4,0.0027994,2024-12-12 04:23:08.883624+00:00,BUY,,,,,,
11,581173743,ETH-USD,3931.46,0.00279794,2024-12-12 04:22:54.832263+00:00,BUY,,,,,,
12,581173642,ETH-USD,3933.37,0.001,2024-12-12 04:22:39.650180+00:00,SELL,,,,,,
13,581173518,ETH-USD,3930.35,0.24103,2024-12-12 04:22:24.913678+00:00,SELL,,,,,,
14,581173380,ETH-USD,3929.78,0.13468834,2024-12-12 04:22:09.894928+00:00,SELL,,,,,,
15,581173253,ETH-USD,3927.54,0.02521143,2024-12-12 04:21:54.516602+00:00,SELL,,,,,,
16,581173170,ETH-USD,3925.97,0.00208745,2024-12-12 04:21:39.503030+00:00,SELL,,,,,,
17,581173016,ETH-USD,3924.39,0.00027526,2024-12-12 04:21:24.662826+00:00,BUY,,,,,,
18,581172913,ETH-USD,3923.36,0.39997691,2024-12-12 04:21:08.986030+00:00,BUY,,,,,,
19,581172796,ETH-USD,3923.11,0.00197041,2024-12-12 04:20:54.574787+00:00,SELL,,,,,,
20,581172709,ETH-USD,3922.15,0.01212389,2024-12-12 04:20:39.878992+00:00,SELL,,,,,,
21,581172595,ETH-USD,3922.89,0.01401128,2024-12-12 04:20:24.887983+00:00,BUY,,,,,,
22,581172486,ETH-USD,3919.71,0.00280633,2024-12-12 04:20:09.653086+00:00,BUY,,,,,,
23,581172362,ETH-USD,3921.19,0.00467474,2024-12-12 04:19:54.062149+00:00,SELL,,,,,,
24,581172273,ETH-USD,3919.89,0.00227415,2024-12-12 04:19:39.616340+00:00,SELL,,,,,,
25,581172144,ETH-USD,3922.24,0.00000531,2024-12-12 04:19:23.924501+00:00,SELL,,,,,,
26,581172013,ETH-USD,3920.08,0.00158193,2024-12-12 04:19:09.604034+00:00,SELL,,,,,,
27,581171909,ETH-USD,3919.08,0.00076538,2024-12-12 04:18:54.652012+00:00,BUY,,,,,,
28,581171793,ETH-USD,3920.51,0.00183915,2024-12-12 04:18:39.483063+00:00,BUY,,,,,,
29,581171640,ETH-USD,3920.3,0.0028059,2024-12-12 04:18:24.230418+00:00,BUY,,,,,,
30,581171564,ETH-USD,3921.77,0.01,2024-12-12 04:18:09.788904+00:00,BUY,,,,,,
31,581171463,ETH-USD,3921.56,0.2478166,2024-12-12 04:17:54.523381+00:00,SELL,,,,,,
32,581171367,ETH-USD,3920.58,0.0028057,2024-12-12 04:17:39.857208+00:00,BUY,,,,,,
33,581171211,ETH-USD,3921.95,0.01286363,2024-12-12 04:17:24.579928+00:00,SELL,,,,,,
34,581171114,ETH-USD,3923.92,0.00138882,2024-12-12 04:17:09.926369+00:00,SELL,,,,,,
35,581171017,ETH-USD,3925.08,0.00539265,2024-12-12 04:16:54.571966+00:00,SELL,,,,,,
36,581170924,ETH-USD,3924.19,0.00176981,2024-12-12 04:16:38.980041+00:00,SELL,,,,,,
37,581170835,ETH-USD,3925.12,0.09962389,2024-12-12 04:16:24.643206+00:00,BUY,,,,,,
38,581170694,ETH-USD,3923.5,2.02838,2024-12-12 04:16:09.904760+00:00,SELL,,,,,,
39,581170531,ETH-USD,3921.67,0.00292149,2024-12-12 04:15:54.740648+00:00,SELL,,,,,,
40,581170399,ETH-USD,3921.72,0.00280489,2024-12-12 04:15:39.963835+00:00,BUY,,,,,,
41,581170264,ETH-USD,3922.47,0.42291958,2024-12-12 04:15:24.941197+00:00,BUY,,,,,,
42,581170169,ETH-USD,3923.77,0.00984177,2024-12-12 04:15:09.831136+00:00,SELL,,,,,,
43,581170106,ETH-USD,3924.65,0.0282,2024-12-12 04:14:54.570988+00:00,BUY,,,,,,
44,581170001,ETH-USD,3925.04,0.01,2024-12-12 04:14:39.908670+00:00,BUY,,,,,,
45,581169939,ETH-USD,3925.68,0.00119618,2024-12-12 04:14:24.480215+00:00,SELL,,,,,,
46,581169884,ETH-USD,3927.54,0.00000581,2024-12-12 04:14:09.563004+00:00,BUY,,,,,,
47,581169774,ETH-USD,3927.54,0.00139903,2024-12-12 04:13:54.967677+00:00,SELL,,,,,,
48,581169635,ETH-USD,3927.37,0.12490294,2024-12-12 04:13:39.890946+00:00,SELL,,,,,,
49,581169488,ETH-USD,3925.86,0.00392245,2024-12-12 04:13:24.609618+00:00,BUY,,,,,,
50,581169358,ETH-USD,3924.89,0.02271354,2024-12-12 04:13:09.944634+00:00,BUY,,,,,,
52,581169155,ETH-USD,3923.37,0.00019236,2024-12-12 04:12:39.662966+00:00,SELL,,,,,,
53,581169001,ETH-USD,3922.92,0.001,2024-12-12 04:12:24.449503+00:00,BUY,,,,,,
54,581168894,ETH-USD,3924.89,0.00008917,2024-12-12 04:12:09.714351+00:00,BUY,,,,,,
55,581168758,ETH-USD,3922.92,0.00187823,2024-12-12 04:11:54.323908+00:00,SELL,,,,,,
56,581168562,ETH-USD,3925.38,0.00088422,2024-12-12 04:11:39.894911+00:00,SELL,,,,,,
57,581168367,ETH-USD,3924.34,1.012,2024-12-12 04:11:24.945878+00:00,BUY,,,,,,
58,581168082,ETH-USD,3927.15,0.3,2024-12-12 04:11:09.904338+00:00,SELL,,,,,,
59,581167903,ETH-USD,3930.03,0.07595506,2024-12-12 04:10:54.923914+00:00,SELL,,,,,,
60,581167808,ETH-USD,3930.85,1.20818923,2024-12-12 04:10:39.986013+00:00,SELL,,,,,,
61,581167680,ETH-USD,3932.64,0.00168949,2024-12-12 04:10:24.991449+00:00,SELL,,,,,,
62,581167552,ETH-USD,3935.09,0.0179268,2024-12-12 04:10:09.065248+00:00,SELL,,,,,,
63,581167447,ETH-USD,3937.13,0.71713732,2024-12-12 04:09:54.517984+00:00,SELL,,,,,,
64,581167356,ETH-USD,3938.16,0.00120524,2024-12-12 04:09:39.740983+00:00,SELL,,,,,,
65,581167205,ETH-USD,3937.96,0.00125619,2024-12-12 04:09:24.934158+00:00,SELL,,,,,,
66,581167079,ETH-USD,3940.83,0.00176063,2024-12-12 04:09:09.920595+00:00,SELL,,,,,,
67,581166944,ETH-USD,3941.76,0.00036407,2024-12-12 04:08:54.627709+00:00,BUY,,,,,,
68,581166840,ETH-USD,3943.02,0.0022,2024-12-12 04:08:39.983309+00:00,SELL,,,,,,
69,581166699,ETH-USD,3945.65,0.00250991,2024-12-12 04:08:23.715724+00:00,SELL,,,,,,
70,581166616,ETH-USD,3946.41,0.00090416,2024-12-12 04:08:09.754722+00:00,BUY,,,,,,
71,581166484,ETH-USD,3944.22,1.26767776,2024-12-12 04:07:54.322657+00:00,SELL,,,,,,
72,581166367,ETH-USD,3945.97,0.00278765,2024-12-12 04:07:39.892909+00:00,BUY,,,,,,
73,581166208,ETH-USD,3945.1,0.00539972,2024-12-12 04:07:24.547357+00:00,BUY,,,,,,
74,581166020,ETH-USD,3942.81,0.45576314,2024-12-12 04:07:09.735699+00:00,SELL,,,,,,
75,581165824,ETH-USD,3946.6,0.00145096,2024-12-12 04:06:54.859355+00:00,SELL,,,,,,
76,581165660,ETH-USD,3943.59,0.00167858,2024-12-12 04:06:39.514049+00:00,BUY,,,,,,
77,581165569,ETH-USD,3944.07,0.00135458,2024-12-12 04:06:24.863405+00:00,SELL,,,,,,
78,581165348,ETH-USD,3943.57,0.00506431,2024-12-12 04:06:09.827085+00:00,BUY,,,,,,
79,581165209,ETH-USD,3941.35,0.00279092,2024-12-12 04:05:54.860326+00:00,BUY,,,,,,
80,581165088,ETH-USD,3942.84,0.00000781,2024-12-12 04:05:39.868740+00:00,BUY,,,,,,
81,581164894,ETH-USD,3940.39,0.02128928,2024-12-12 04:05:24.821687+00:00,SELL,,,,,,
82,581164700,ETH-USD,3936.37,0.00084754,2024-12-12 04:05:08.873914+00:00,SELL,,,,,,
83,581164580,ETH-USD,3935.53,0.001,2024-12-12 04:04:54.811104+00:00,SELL,,,,,,
84,581164448,ETH-USD,3935.12,0.00704096,2024-12-12 04:04:39.922983+00:00,SELL,,,,,,
85,581164294,ETH-USD,3938.36,0.00235572,2024-12-12 04:04:24.531625+00:00,SELL,,,,,,
86,581164134,ETH-USD,3937.63,0.00125733,2024-12-12 04:04:09.640558+00:00,SELL,,,,,,
87,581164044,ETH-USD,3936.36,2.03820521,2024-12-12 04:03:54.846061+00:00,SELL,,,,,,
88,581163941,ETH-USD,3935.95,0.00285188,2024-12-12 04:03:39.763474+00:00,SELL,,,,,,
89,581163828,ETH-USD,3934.04,0.00244841,2024-12-12 04:03:24.983766+00:00,SELL,,,,,,
90,581163712,ETH-USD,3931.9,0.00039,2024-12-12 04:03:09.824857+00:00,SELL,,,,,,
91,581163601,ETH-USD,3931.05,0.02719921,2024-12-12 04:02:54.882509+00:00,SELL,,,,,,
92,581163533,ETH-USD,3931.29,0.3561,2024-12-12 04:02:39.758073+00:00,SELL,,,,,,
93,581163301,ETH-USD,3933.3,0.001,2024-12-12 04:02:24.436057+00:00,BUY,,,,,,
94,581163200,ETH-USD,3935.06,0.03679768,2024-12-12 04:02:09.255428+00:00,SELL,,,,,,
95,581163071,ETH-USD,3935.07,0.02207462,2024-12-12 04:01:54.359697+00:00,BUY,,,,,,
96,581162963,ETH-USD,3937.99,0.0068408,2024-12-12 04:01:39.451694+00:00,BUY,,,,,,
97,581162858,ETH-USD,3937.32,0.0000073,2024-12-12 04:01:24.031038+00:00,BUY,,,,,,
98,581162735,ETH-USD,3941.87,0.00083552,2024-12-12 04:01:09.548038+00:00,SELL,,,,,,
99,581162639,ETH-USD,3941.23,0.00220583,2024-12-12 04:00:54.383283+00:00,SELL,,,,,,
100,581162531,ETH-USD,3939.17,0.00001523,2024-12-12 04:00:39.807630+00:00,BUY,,,,,,
101,581162381,ETH-USD,3940.9,0.00207809,2024-12-12 04:00:24.027455+00:00,SELL,,,,,,
102,581162205,ETH-USD,3941.88,0.01,2024-12-12 04:00:09.734695+00:00,BUY,,,,,,
103,581162053,ETH-USD,3938.54,0.00279291,2024-12-12 03:59:54.531294+00:00,BUY,,,,,,
104,581161900,ETH-USD,3940.73,0.00503149,2024-12-12 03:59:39.985367+00:00,SELL,,,,,,
105,581161732,ETH-USD,3935.4,0.05133104,2024-12-12 03:59:24.921036+00:00,BUY,,,,,,
106,581161582,ETH-USD,3932.02,0.00207436,2024-12-12 03:59:09.995981+00:00,SELL,,,,,,
107,581161351,ETH-USD,3932.4,3.22004401,2024-12-12 03:58:54.951874+00:00,BUY,,,,,,
108,581161224,ETH-USD,3931.55,0.02437013,2024-12-12 03:58:39.881938+00:00,BUY,,,,,,
109,581161089,ETH-USD,3930.45,0.00242894,2024-12-12 03:58:24.168717+00:00,SELL,,,,,,
110,581160960,ETH-USD,3931.41,0.00279839,2024-12-12 03:58:09.870819+00:00,SELL,,,,,,
111,581160783,ETH-USD,3933.26,0.00279687,2024-12-12 03:57:54.754647+00:00,SELL,,,,,,
112,581160648,ETH-USD,3934.9,0.01,2024-12-12 03:57:39.913246+00:00,SELL,,,,,,
113,581160515,ETH-USD,3938.79,0.00279273,2024-12-12 03:57:24.722378+00:00,BUY,,,,,,
114,581160316,ETH-USD,3936.73,0.00000507,2024-12-12 03:57:09.651496+00:00,SELL,,,,,,
115,581160096,ETH-USD,3938.38,0.63,2024-12-12 03:56:54.740490+00:00,BUY,,,,,,
116,581159986,ETH-USD,3941.0,0.00627829,2024-12-12 03:56:39.999552+00:00,SELL,,,,,,
117,581159818,ETH-USD,3942.34,0.01,2024-12-12 03:56:24.673630+00:00,BUY,,,,,,
118,581159659,ETH-USD,3942.34,1.1704762,2024-12-12 03:56:09.978083+00:00,BUY,,,,,,
119,581159487,ETH-USD,3943.62,0.01,2024-12-12 03:55:54.021382+00:00,BUY,,,,,,
120,581159335,ETH-USD,3943.65,0.00278815,2024-12-12 03:55:39.939869+00:00,SELL,,,,,,
121,581159173,ETH-USD,3948.7,0.00278558,2024-12-12 03:55:24.762845+00:00,SELL,,,,,,
122,581159008,ETH-USD,3947.33,0.00278669,2024-12-12 03:55:09.989206+00:00,BUY,,,,,,
123,581158836,ETH-USD,3949.62,0.01200909,2024-12-12 03:54:54.228508+00:00,SELL,,,,,,
124,581158686,ETH-USD,3949.43,0.000516,2024-12-12 03:54:39.077185+00:00,BUY,,,,,,
125,581158584,ETH-USD,3948.17,0.0027861,2024-12-12 03:54:24.380350+00:00,BUY,,,,,,
126,581158369,ETH-USD,3947.3,1.81566785,2024-12-12 03:54:09.632829+00:00,BUY,,,,,,
127,581158159,ETH-USD,3947.28,0.00001245,2024-12-12 03:53:54.893808+00:00,SELL,,,,,,
128,581158027,ETH-USD,3945.91,0.36623004,2024-12-12 03:53:39.545101+00:00,BUY,,,,,,
129,581157882,ETH-USD,3942.36,0.00002661,2024-12-12 03:53:24.848696+00:00,SELL,,,,,,
130,581157715,ETH-USD,3941.86,0.00235346,2024-12-12 03:53:09.080863+00:00,SELL,,,,,,
131,581157579,ETH-USD,3938.54,0.00279291,2024-12-12 03:52:54.779693+00:00,BUY,,,,,,
132,581157410,ETH-USD,3939.56,0.02626792,2024-12-12 03:52:39.999988+00:00,BUY,,,,,,
133,581157234,ETH-USD,3942.08,0.01657264,2024-12-12 03:52:24.867421+00:00,BUY,,,,,,
134,581157041,ETH-USD,3943.79,0.63379068,2024-12-12 03:52:09.921523+00:00,BUY,,,,,,
135,581156859,ETH-USD,3940.22,1.27834705,2024-12-12 03:51:54.962786+00:00,SELL,,,,,,
136,581156361,ETH-USD,3940.88,0.01657,2024-12-12 03:51:39.447884+00:00,SELL,,,,,,
137,581156014,ETH-USD,3946.18,0.00125429,2024-12-12 03:51:24.969125+00:00,SELL,,,,,,
138,581155798,ETH-USD,3948.31,0.01654649,2024-12-12 03:51:09.843185+00:00,BUY,,,,,,
139,581155489,ETH-USD,3946.11,0.00015519,2024-12-12 03:50:54.823256+00:00,SELL,,,,,,
140,581155290,ETH-USD,3944.63,0.00001602,2024-12-12 03:50:39.930203+00:00,SELL,,,,,,
141,581155113,ETH-USD,3941.41,0.0053225,2024-12-12 03:50:24.793665+00:00,SELL,,,,,,
142,581154905,ETH-USD,3941.24,0.01657617,2024-12-12 03:50:09.779224+00:00,BUY,,,,,,
143,581154586,ETH-USD,3944.26,0.40913,2024-12-12 03:49:54.825875+00:00,BUY,,,,,,
144,581154358,ETH-USD,3943.13,0.71054408,2024-12-12 03:49:39.905193+00:00,BUY,,,,,,
145,581154131,ETH-USD,3938.82,1.57898684,2024-12-12 03:49:24.829549+00:00,BUY,,,,,,
146,581153822,ETH-USD,3941.01,0.00320797,2024-12-12 03:49:09.916964+00:00,SELL,,,,,,
147,581153673,ETH-USD,3944.85,3.9647084,2024-12-12 03:48:54.914670+00:00,BUY,,,,,,
148,581153467,ETH-USD,3941.0,0.00000507,2024-12-12 03:48:39.997366+00:00,SELL,,,,,,
149,581153253,ETH-USD,3942.42,0.00008691,2024-12-12 03:48:24.873009+00:00,SELL,,,,,,
150,581153012,ETH-USD,3941.48,0.00130336,2024-12-12 03:48:09.972925+00:00,SELL,,,,,,
151,581152845,ETH-USD,3937.31,0.00157443,2024-12-12 03:47:54.854638+00:00,SELL,,,,,,
152,581152635,ETH-USD,3935.97,0.00027174,2024-12-12 03:47:39.989008+00:00,BUY,,,,,,
153,581152454,ETH-USD,3937.73,0.00246722,2024-12-12 03:47:24.860309+00:00,SELL,,,,,,
154,581152287,ETH-USD,3937.58,0.00000647,2024-12-12 03:47:09.945280+00:00,BUY,,,,,,
155,581152059,ETH-USD,3937.68,0.0000869,2024-12-12 03:46:54.876348+00:00,SELL,,,,,,
156,581151840,ETH-USD,3935.14,0.0000072,2024-12-12 03:46:39.921807+00:00,SELL,,,,,,
157,581151669,ETH-USD,3935.74,0.00001241,2024-12-12 03:46:24.863253+00:00,SELL,,,,,,
158,581151500,ETH-USD,3933.33,0.00251744,2024-12-12 03:46:09.883651+00:00,SELL,,,,,,
159,581151176,ETH-USD,3933.02,0.00380717,2024-12-12 03:45:54.964657+00:00,BUY,,,,,,
160,581150853,ETH-USD,3934.55,0.0034,2024-12-12 03:45:39.969115+00:00,BUY,,,,,,
161,581150370,ETH-USD,3928.34,1.13698,2024-12-12 03:45:24.905812+00:00,BUY,,,,,,
162,581150162,ETH-USD,3922.61,0.07649211,2024-12-12 03:45:08.578545+00:00,BUY,,,,,,
163,581150039,ETH-USD,3921.86,0.00009083,2024-12-12 03:44:54.987765+00:00,SELL,,,,,,
164,581149858,ETH-USD,3918.4,0.00001723,2024-12-12 03:44:39.466900+00:00,SELL,,,,,,
165,581149730,ETH-USD,3921.73,0.00063925,2024-12-12 03:44:24.638135+00:00,BUY,,,,,,
166,581149542,ETH-USD,3923.38,0.00013508,2024-12-12 03:44:09.781079+00:00,BUY,,,,,,
167,581149428,ETH-USD,3925.62,1.34607447,2024-12-12 03:43:54.529162+00:00,BUY,,,,,,
168,581149094,ETH-USD,3928.33,0.63632823,2024-12-12 03:43:39.929076+00:00,BUY,,,,,,
169,581148814,ETH-USD,3927.54,1.2730615,2024-12-12 03:43:24.780326+00:00,SELL,,,,,,
170,581148609,ETH-USD,3923.62,0.0112024,2024-12-12 03:43:09.967720+00:00,SELL,,,,,,
171,581148471,ETH-USD,3925.11,0.00527598,2024-12-12 03:42:54.860904+00:00,SELL,,,,,,
172,581148336,ETH-USD,3925.41,0.00082,2024-12-12 03:42:39.863453+00:00,BUY,,,,,,
173,581148086,ETH-USD,3923.11,1.3162,2024-12-12 03:42:24.801869+00:00,BUY,,,,,,
174,581147921,ETH-USD,3917.18,0.05094518,2024-12-12 03:42:09.947321+00:00,SELL,,,,,,
175,581147795,ETH-USD,3919.18,0.00547206,2024-12-12 03:41:54.862514+00:00,SELL,,,,,,
176,581147605,ETH-USD,3914.17,0.01,2024-12-12 03:41:39.859382+00:00,SELL,,,,,,
177,581147331,ETH-USD,3915.44,0.00058274,2024-12-12 03:41:24.947144+00:00,BUY,,,,,,
178,581147127,ETH-USD,3915.73,0.01,2024-12-12 03:41:09.916807+00:00,BUY,,,,,,
179,581146941,ETH-USD,3915.81,0.01023,2024-12-12 03:40:54.057081+00:00,SELL,,,,,,
180,581146824,ETH-USD,3916.96,0.00227097,2024-12-12 03:40:39.375826+00:00,BUY,,,,,,
181,581146675,ETH-USD,3919.86,0.00894481,2024-12-12 03:40:24.553575+00:00,BUY,,,,,,
182,581146589,ETH-USD,3923.48,0.05096796,2024-12-12 03:40:09.685386+00:00,BUY,,,,,,
183,581146369,ETH-USD,3921.4,0.00025797,2024-12-12 03:39:54.957828+00:00,SELL,,,,,,
184,581146251,ETH-USD,3921.49,0.02208209,2024-12-12 03:39:39.916923+00:00,BUY,,,,,,
185,581146148,ETH-USD,3920.27,0.00008689,2024-12-12 03:39:24.950750+00:00,SELL,,,,,,
186,581145987,ETH-USD,3918.36,0.01,2024-12-12 03:39:09.615951+00:00,SELL,,,,,,
187,581145832,ETH-USD,3915.37,0.00068478,2024-12-12 03:38:54.564656+00:00,SELL,,,,,,
188,581145722,ETH-USD,3916.23,0.00002428,2024-12-12 03:38:39.805676+00:00,SELL,,,,,,
189,581145589,ETH-USD,3911.94,0.00593427,2024-12-12 03:38:24.727304+00:00,SELL,,,,,,
190,581145512,ETH-USD,3914.06,0.001,2024-12-12 03:38:09.566599+00:00,BUY,,,,,,
191,581145369,ETH-USD,3917.11,0.00062221,2024-12-12 03:37:54.738670+00:00,SELL,,,,,,
192,581145307,ETH-USD,3916.59,0.02210805,2024-12-12 03:37:38.674001+00:00,SELL,,,,,,
193,581145180,ETH-USD,3915.32,0.03590086,2024-12-12 03:37:24.955461+00:00,BUY,,,,,,
194,581145019,ETH-USD,3915.47,0.01929473,2024-12-12 03:37:09.855216+00:00,SELL,,,,,,
195,581144872,ETH-USD,3911.37,0.00468379,2024-12-12 03:36:54.904877+00:00,SELL,,,,,,
196,581144778,ETH-USD,3912.63,0.02344187,2024-12-12 03:36:39.972305+00:00,SELL,,,,,,
197,581144588,ETH-USD,3910.54,0.01826187,2024-12-12 03:36:24.867448+00:00,SELL,,,,,,
198,581144429,ETH-USD,3910.44,0.00042965,2024-12-12 03:36:09.997899+00:00,BUY,,,,,,
199,581144281,ETH-USD,3915.06,0.01225751,2024-12-12 03:35:54.975902+00:00,SELL,,,,,,
200,581144149,ETH-USD,3916.21,0.01,2024-12-12 03:35:39.977537+00:00,SELL,,,,,,
201,581144026,ETH-USD,3915.79,0.05437,2024-12-12 03:35:24.972716+00:00,SELL,,,,,,
202,581143907,ETH-USD,3913.94,0.00136093,2024-12-12 03:35:09.283867+00:00,SELL,,,,,,
203,581143793,ETH-USD,3913.94,0.02719977,2024-12-12 03:34:54.513824+00:00,SELL,,,,,,
204,581143662,ETH-USD,3913.32,0.00003035,2024-12-12 03:34:39.914605+00:00,SELL,,,,,,
205,581143561,ETH-USD,3910.91,0.05331,2024-12-12 03:34:24.877333+00:00,SELL,,,,,,
206,581143404,ETH-USD,3913.15,1.27774512,2024-12-12 03:34:09.070847+00:00,SELL,,,,,,
207,581143282,ETH-USD,3913.49,0.01,2024-12-12 03:33:54.096385+00:00,SELL,,,,,,
208,581143185,ETH-USD,3916.87,0.02341508,2024-12-12 03:33:39.687220+00:00,SELL,,,,,,
209,581143079,ETH-USD,3916.78,0.00709552,2024-12-12 03:33:24.550254+00:00,SELL,,,,,,
210,581142932,ETH-USD,3915.52,0.00518429,2024-12-12 03:33:09.689152+00:00,SELL,,,,,,
211,581142781,ETH-USD,3917.1,0.00025789,2024-12-12 03:32:54.840704+00:00,BUY,,,,,,
212,581142656,ETH-USD,3916.71,0.0000869,2024-12-12 03:32:39.810328+00:00,SELL,,,,,,
213,581142483,ETH-USD,3917.12,0.00032479,2024-12-12 03:32:24.972015+00:00,SELL,,,,,,
214,581142329,ETH-USD,3918.3,0.00000756,2024-12-12 03:32:08.990662+00:00,SELL,,,,,,
215,581142140,ETH-USD,3917.76,0.0070973,2024-12-12 03:31:54.926034+00:00,SELL,,,,,,
216,581141990,ETH-USD,3917.02,0.02187949,2024-12-12 03:31:39.991533+00:00,BUY,,,,,,
217,581141811,ETH-USD,3911.87,0.01,2024-12-12 03:31:24.941531+00:00,SELL,,,,,,
218,581141708,ETH-USD,3912.95,0.13661595,2024-12-12 03:31:09.992877+00:00,SELL,,,,,,
219,581141525,ETH-USD,3912.16,0.0000869,2024-12-12 03:30:54.950912+00:00,SELL,,,,,,
220,581141301,ETH-USD,3911.32,0.02191138,2024-12-12 03:30:39.355061+00:00,BUY,,,,,,
221,581141099,ETH-USD,3914.12,0.0218957,2024-12-12 03:30:24.981660+00:00,BUY,,,,,,
222,581140938,ETH-USD,3917.29,0.02187798,2024-12-12 03:30:08.447793+00:00,BUY,,,,,,
223,581140749,ETH-USD,3920.01,0.01211668,2024-12-12 03:29:54.896203+00:00,SELL,,,,,,
224,581140512,ETH-USD,3923.39,4.01028227,2024-12-12 03:29:39.938976+00:00,BUY,,,,,,
225,581140190,ETH-USD,3921.85,0.01,2024-12-12 03:29:24.913368+00:00,BUY,,,,,,
226,581140065,ETH-USD,3918.24,0.0494248,2024-12-12 03:29:09.939248+00:00,SELL,,,,,,
227,581139885,ETH-USD,3917.59,0.001,2024-12-12 03:28:54.906762+00:00,BUY,,,,,,
228,581139645,ETH-USD,3916.8,0.00919948,2024-12-12 03:28:39.735852+00:00,SELL,,,,,,
229,581139378,ETH-USD,3921.53,0.00043574,2024-12-12 03:28:24.865020+00:00,BUY,,,,,,
230,581139022,ETH-USD,3916.84,0.00001806,2024-12-12 03:28:09.867058+00:00,SELL,,,,,,
231,581138851,ETH-USD,3913.35,0.0057,2024-12-12 03:27:54.969968+00:00,SELL,,,,,,
232,581138665,ETH-USD,3914.07,0.0000869,2024-12-12 03:27:39.903426+00:00,SELL,,,,,,
233,581138530,ETH-USD,3916.65,0.02068036,2024-12-12 03:27:24.732982+00:00,BUY,,,,,,
234,581138303,ETH-USD,3917.76,0.00708037,2024-12-12 03:27:09.808486+00:00,SELL,,,,,,
235,581138131,ETH-USD,3913.94,0.75854,2024-12-12 03:26:54.495193+00:00,SELL,,,,,,
236,581137980,ETH-USD,3916.29,0.01452085,2024-12-12 03:26:39.938443+00:00,SELL,,,,,,
237,581137747,ETH-USD,3915.51,0.00045195,2024-12-12 03:26:24.693475+00:00,BUY,,,,,,
238,581137449,ETH-USD,3911.71,0.07745972,2024-12-12 03:26:09.917713+00:00,SELL,,,,,,
239,581137205,ETH-USD,3909.92,0.00003247,2024-12-12 03:25:54.897586+00:00,SELL,,,,,,
240,581136939,ETH-USD,3906.64,0.00333769,2024-12-12 03:25:39.766200+00:00,SELL,,,,,,
241,581136760,ETH-USD,3904.5,1.57898684,2024-12-12 03:25:24.727535+00:00,BUY,,,,,,
242,581136198,ETH-USD,3902.1,1.20778291,2024-12-12 03:25:09.963973+00:00,SELL,,,,,,
243,581136070,ETH-USD,3900.95,0.62293599,2024-12-12 03:24:54.525675+00:00,SELL,,,,,,
244,581135818,ETH-USD,3900.0,4.43119749,2024-12-12 03:24:39.761526+00:00,SELL,,,,,,
245,581135587,ETH-USD,3899.42,2.66776,2024-12-12 03:24:24.780007+00:00,BUY,,,,,,
246,581135421,ETH-USD,3899.24,0.01271265,2024-12-12 03:24:09.486861+00:00,SELL,,,,,,
247,581135194,ETH-USD,3895.93,0.64512001,2024-12-12 03:23:54.530790+00:00,SELL,,,,,,
248,581135049,ETH-USD,3898.6,0.01219269,2024-12-12 03:23:39.772428+00:00,SELL,,,,,,
249,581134912,ETH-USD,3896.95,0.03652312,2024-12-12 03:23:24.908301+00:00,SELL,,,,,,
250,581134765,ETH-USD,3894.52,0.02079788,2024-12-12 03:23:09.781417+00:00,BUY,,,,,,
251,581134515,ETH-USD,3898.46,0.04379672,2024-12-12 03:22:54.788692+00:00,SELL,,,,,,
252,581134334,ETH-USD,3898.3,0.02077771,2024-12-12 03:22:39.984159+00:00,BUY,,,,,,
253,581134168,ETH-USD,3896.47,0.08560945,2024-12-12 03:22:24.947006+00:00,SELL,,,,,,
254,581133991,ETH-USD,3893.26,0.01034204,2024-12-12 03:22:09.319361+00:00,SELL,,,,,,
255,581133815,ETH-USD,3895.98,0.01,2024-12-12 03:21:54.904458+00:00,BUY,,,,,,
256,581133663,ETH-USD,3892.93,0.001,2024-12-12 03:21:39.138835+00:00,SELL,,,,,,
257,581133490,ETH-USD,3893.62,0.00065666,2024-12-12 03:21:24.935762+00:00,SELL,,,,,,
258,581133323,ETH-USD,3891.29,0.02123826,2024-12-12 03:21:08.838019+00:00,BUY,,,,,,
259,581133100,ETH-USD,3888.41,0.02125399,2024-12-12 03:20:54.858507+00:00,BUY,,,,,,
260,581132794,ETH-USD,3887.28,0.0003174,2024-12-12 03:20:39.984369+00:00,BUY,,,,,,
261,581132639,ETH-USD,3885.63,0.54189914,2024-12-12 03:20:24.697014+00:00,BUY,,,,,,
262,581132543,ETH-USD,3883.49,0.01,2024-12-12 03:20:09.974538+00:00,SELL,,,,,,
263,581132421,ETH-USD,3879.28,0.01260282,2024-12-12 03:19:54.123169+00:00,SELL,,,,,,
264,581132309,ETH-USD,3879.52,0.00017778,2024-12-12 03:19:39.253854+00:00,SELL,,,,,,
265,581132188,ETH-USD,3880.9,0.02129512,2024-12-12 03:19:24.299131+00:00,BUY,,,,,,
266,581132098,ETH-USD,3880.62,0.20314946,2024-12-12 03:19:09.729017+00:00,SELL,,,,,,
267,581131988,ETH-USD,3883.67,0.00030213,2024-12-12 03:18:54.881425+00:00,SELL,,,,,,
268,581131859,ETH-USD,3880.48,0.01,2024-12-12 03:18:39.388589+00:00,SELL,,,,,,
269,581131743,ETH-USD,3882.62,0.08642841,2024-12-12 03:18:24.998241+00:00,BUY,,,,,,
270,581131585,ETH-USD,3879.63,0.01,2024-12-12 03:18:09.821914+00:00,SELL,,,,,,
271,581131479,ETH-USD,3880.34,0.00062218,2024-12-12 03:17:54.811869+00:00,SELL,,,,,,
272,581131354,ETH-USD,3879.5,0.14221436,2024-12-12 03:17:39.979299+00:00,BUY,,,,,,
273,581131143,ETH-USD,3877.19,0.00137112,2024-12-12 03:17:24.165982+00:00,BUY,,,,,,
274,581131041,ETH-USD,3881.17,0.01,2024-12-12 03:17:09.731427+00:00,BUY,,,,,,
275,581130943,ETH-USD,3880.23,0.3441319,2024-12-12 03:16:54.962815+00:00,BUY,,,,,,
276,581130788,ETH-USD,3878.82,0.00203184,2024-12-12 03:16:39.912678+00:00,SELL,,,,,,
277,581130633,ETH-USD,3883.3,0.64364478,2024-12-12 03:16:24.880068+00:00,BUY,,,,,,
278,581130503,ETH-USD,3886.02,0.00000804,2024-12-12 03:16:09.924843+00:00,SELL,,,,,,
279,581130330,ETH-USD,3885.58,0.01,2024-12-12 03:15:54.777387+00:00,BUY,,,,,,
280,581130148,ETH-USD,3879.74,0.01224849,2024-12-12 03:15:39.930186+00:00,SELL,,,,,,
281,581130006,ETH-USD,3881.44,0.00025754,2024-12-12 03:15:24.754651+00:00,SELL,,,,,,
282,581129885,ETH-USD,3882.83,0.01,2024-12-12 03:15:09.955671+00:00,BUY,,,,,,
283,581129746,ETH-USD,3882.89,0.04882503,2024-12-12 03:14:53.082234+00:00,SELL,,,,,,
284,581129655,ETH-USD,3882.4,0.00259195,2024-12-12 03:14:39.921441+00:00,BUY,,,,,,
285,581129481,ETH-USD,3884.71,1.19819537,2024-12-12 03:14:24.921741+00:00,BUY,,,,,,
286,581129290,ETH-USD,3884.84,0.01225222,2024-12-12 03:14:09.822783+00:00,SELL,,,,,,
287,581129003,ETH-USD,3878.21,0.01,2024-12-12 03:13:54.955179+00:00,BUY,,,,,,
288,581128896,ETH-USD,3876.95,1.3055,2024-12-12 03:13:39.971605+00:00,SELL,,,,,,
289,581128773,ETH-USD,3878.55,0.05100897,2024-12-12 03:13:23.533933+00:00,SELL,,,,,,
290,581128699,ETH-USD,3880.81,0.00001008,2024-12-12 03:13:09.159741+00:00,SELL,,,,,,
291,581128616,ETH-USD,3881.98,0.00358246,2024-12-12 03:12:54.763914+00:00,BUY,,,,,,
292,581128486,ETH-USD,3881.31,0.00599598,2024-12-12 03:12:39.988563+00:00,SELL,,,,,,
293,581128396,ETH-USD,3882.99,0.00096884,2024-12-12 03:12:24.283582+00:00,BUY,,,,,,
294,581128224,ETH-USD,3881.67,1.51772498,2024-12-12 03:12:09.651233+00:00,BUY,,,,,,
295,581128134,ETH-USD,3883.61,0.00011156,2024-12-12 03:11:54.929953+00:00,SELL,,,,,,
296,581127959,ETH-USD,3877.92,0.06158192,2024-12-12 03:11:39.923374+00:00,SELL,,,,,,
297,581127822,ETH-USD,3879.16,0.19575718,2024-12-12 03:11:24.974340+00:00,SELL,,,,,,
298,581127664,ETH-USD,3883.4,0.00782045,2024-12-12 03:11:09.960379+00:00,SELL,,,,,,
299,581127492,ETH-USD,3882.51,0.00384029,2024-12-12 03:10:53.839087+00:00,BUY,,,,,,
300,581127440,ETH-USD,3882.85,0.0272003,2024-12-12 03:10:39.915998+00:00,SELL,,,,,,
301,581127286,ETH-USD,3882.08,0.01,2024-12-12 03:10:24.718598+00:00,SELL,,,,,,
302,581127120,ETH-USD,3881.52,0.01,2024-12-12 03:10:09.876507+00:00,BUY,,,,,,
303,581126931,ETH-USD,3878.83,1.28904886,2024-12-12 03:09:54.849364+00:00,SELL,,,,,,
304,581126789,ETH-USD,3874.94,0.00182432,2024-12-12 03:09:39.268334+00:00,SELL,,,,,,
305,581126742,ETH-USD,3875.3,0.00851215,2024-12-12 03:09:24.259362+00:00,SELL,,,,,,
306,581126632,ETH-USD,3875.32,0.00473003,2024-12-12 03:09:09.972559+00:00,SELL,,,,,,
307,581126452,ETH-USD,3873.74,0.00268961,2024-12-12 03:08:54.192213+00:00,BUY,,,,,,
308,581126312,ETH-USD,3872.83,0.0012542,2024-12-12 03:08:39.836744+00:00,SELL,,,,,,
309,581126212,ETH-USD,3873.54,0.0516259,2024-12-12 03:08:24.825686+00:00,BUY,,,,,,
310,581126038,ETH-USD,3871.14,2.57396249,2024-12-12 03:08:09.239837+00:00,BUY,,,,,,
311,581125942,ETH-USD,3872.12,0.02373821,2024-12-12 03:07:54.460343+00:00,BUY,,,,,,
312,581125759,ETH-USD,3870.04,0.05119271,2024-12-12 03:07:39.490092+00:00,SELL,,,,,,
313,581125598,ETH-USD,3868.21,0.00718,2024-12-12 03:07:24.977906+00:00,SELL,,,,,,
314,581125409,ETH-USD,3864.23,0.00030212,2024-12-12 03:07:09.923385+00:00,SELL,,,,,,
315,581125202,ETH-USD,3863.06,0.00261451,2024-12-12 03:06:54.737712+00:00,BUY,,,,,,
316,581125079,ETH-USD,3866.62,0.01,2024-12-12 03:06:39.830971+00:00,BUY,,,,,,
317,581124767,ETH-USD,3863.79,0.15302476,2024-12-12 03:06:24.994691+00:00,BUY,,,,,,
318,581124587,ETH-USD,3859.64,0.01,2024-12-12 03:06:09.940152+00:00,SELL,,,,,,
319,581124430,ETH-USD,3856.92,0.00917539,2024-12-12 03:05:54.637915+00:00,BUY,,,,,,
320,581124323,ETH-USD,3853.84,0.00026088,2024-12-12 03:05:39.536075+00:00,SELL,,,,,,
321,581124038,ETH-USD,3857.15,0.00002432,2024-12-12 03:05:24.944022+00:00,SELL,,,,,,
322,581123843,ETH-USD,3860.02,0.00811671,2024-12-12 03:05:09.622972+00:00,SELL,,,,,,
323,581123642,ETH-USD,3862.14,0.01763904,2024-12-12 03:04:54.951108+00:00,BUY,,,,,,
324,581123490,ETH-USD,3861.82,0.01658657,2024-12-12 03:04:39.486017+00:00,BUY,,,,,,
325,581123343,ETH-USD,3859.95,0.16148,2024-12-12 03:04:24.828708+00:00,BUY,,,,,,
326,581122993,ETH-USD,3860.11,0.00551904,2024-12-12 03:04:09.961253+00:00,SELL,,,,,,
327,581122758,ETH-USD,3861.27,0.00001035,2024-12-12 03:03:54.936788+00:00,SELL,,,,,,
328,581122498,ETH-USD,3870.68,0.0136114,2024-12-12 03:03:39.985513+00:00,BUY,,,,,,
329,581122406,ETH-USD,3873.32,0.01491238,2024-12-12 03:03:24.972203+00:00,BUY,,,,,,
330,581122225,ETH-USD,3869.15,2.10682264,2024-12-12 03:03:09.678902+00:00,BUY,,,,,,
331,581121996,ETH-USD,3872.83,0.01,2024-12-12 03:02:54.755156+00:00,SELL,,,,,,
332,581121784,ETH-USD,3872.19,0.00038752,2024-12-12 03:02:39.657530+00:00,SELL,,,,,,
333,581121687,ETH-USD,3870.2,0.01514,2024-12-12 03:02:24.584067+00:00,BUY,,,,,,
334,581121571,ETH-USD,3873.32,0.01669174,2024-12-12 03:02:09.843991+00:00,BUY,,,,,,
335,581121431,ETH-USD,3875.53,0.01,2024-12-12 03:01:54.772151+00:00,BUY,,,,,,
336,581121199,ETH-USD,3867.77,0.00473661,2024-12-12 03:01:39.443818+00:00,SELL,,,,,,
337,581121094,ETH-USD,3868.8,0.0032292,2024-12-12 03:01:24.942935+00:00,SELL,,,,,,
338,581120990,ETH-USD,3869.59,0.00000437,2024-12-12 03:01:09.962762+00:00,SELL,,,,,,
339,581120835,ETH-USD,3871.3,0.02397344,2024-12-12 03:00:54.935786+00:00,BUY,,,,,,
340,581120674,ETH-USD,3871.75,0.00025819,2024-12-12 03:00:39.728626+00:00,SELL,,,,,,
341,581120397,ETH-USD,3872.12,0.00000722,2024-12-12 03:00:24.953476+00:00,SELL,,,,,,
342,581120152,ETH-USD,3876.72,0.00637622,2024-12-12 03:00:09.879023+00:00,BUY,,,,,,
343,581119995,ETH-USD,3883.39,0.12508579,2024-12-12 02:59:54.964950+00:00,SELL,,,,,,
344,581119792,ETH-USD,3883.15,0.02390028,2024-12-12 02:59:39.889415+00:00,BUY,,,,,,
345,581119584,ETH-USD,3883.36,0.02389899,2024-12-12 02:59:24.950908+00:00,BUY,,,,,,
346,581119268,ETH-USD,3883.39,3.7419765,2024-12-12 02:59:09.833986+00:00,BUY,,,,,,
347,581118982,ETH-USD,3886.82,6.7222949,2024-12-12 02:58:54.934584+00:00,BUY,,,,,,
348,581118590,ETH-USD,3882.04,0.00539082,2024-12-12 02:58:39.877358+00:00,SELL,,,,,,
349,581118311,ETH-USD,3874.37,0.01136587,2024-12-12 02:58:24.995996+00:00,SELL,,,,,,
350,581117979,ETH-USD,3879.04,0.00038656,2024-12-12 02:58:09.893793+00:00,BUY,,,,,,
351,581117492,ETH-USD,3870.68,3.24263703,2024-12-12 02:57:54.976038+00:00,BUY,,,,,,
352,581117312,ETH-USD,3868.03,0.00025814,2024-12-12 02:57:39.772208+00:00,BUY,,,,,,
353,581117180,ETH-USD,3869.48,0.02719956,2024-12-12 02:57:24.661254+00:00,SELL,,,,,,
354,581116975,ETH-USD,3871.48,0.0000904,2024-12-12 02:57:09.763471+00:00,BUY,,,,,,
355,581116673,ETH-USD,3870.29,0.00864971,2024-12-12 02:56:54.900720+00:00,SELL,,,,,,
356,581116098,ETH-USD,3862.53,0.0231409,2024-12-12 02:56:39.981392+00:00,BUY,,,,,,
357,581115778,ETH-USD,3858.42,0.3628,2024-12-12 02:56:24.515457+00:00,BUY,,,,,,
358,581115484,ETH-USD,3853.93,0.00012977,2024-12-12 02:56:09.028695+00:00,SELL,,,,,,
359,581115242,ETH-USD,3853.57,1.2,2024-12-12 02:55:54.392584+00:00,SELL,,,,,,
360,581115005,ETH-USD,3847.05,0.01238066,2024-12-12 02:55:39.273016+00:00,SELL,,,,,,
361,581114895,ETH-USD,3846.6,0.00183874,2024-12-12 02:55:24.273462+00:00,BUY,,,,,,
362,581114736,ETH-USD,3844.41,0.02324997,2024-12-12 02:55:09.938465+00:00,BUY,,,,,,
363,581114580,ETH-USD,3840.85,0.00000686,2024-12-12 02:54:54.486455+00:00,SELL,,,,,,
364,581114474,ETH-USD,3837.22,0.00456626,2024-12-12 02:54:39.235099+00:00,BUY,,,,,,
365,581114376,ETH-USD,3835.83,0.00013763,2024-12-12 02:54:24.898818+00:00,SELL,,,,,,
366,581114264,ETH-USD,3832.23,0.00044386,2024-12-12 02:54:09.707266+00:00,BUY,,,,,,
367,581114167,ETH-USD,3832.11,0.00946906,2024-12-12 02:53:54.971536+00:00,SELL,,,,,,
368,581114054,ETH-USD,3830.8,0.00005218,2024-12-12 02:53:38.976802+00:00,SELL,,,,,,
369,581114005,ETH-USD,3830.01,0.01240717,2024-12-12 02:53:23.814778+00:00,SELL,,,,,,
370,581113942,ETH-USD,3830.8,0.00258429,2024-12-12 02:53:09.952822+00:00,SELL,,,,,,
371,581113863,ETH-USD,3829.8,0.00030003,2024-12-12 02:52:54.884490+00:00,SELL,,,,,,
372,581113809,ETH-USD,3830.48,0.00937166,2024-12-12 02:52:39.491009+00:00,BUY,,,,,,
373,581113709,ETH-USD,3831.67,0.00759843,2024-12-12 02:52:24.403184+00:00,SELL,,,,,,
374,581113658,ETH-USD,3830.81,0.011,2024-12-12 02:52:09.893320+00:00,BUY,,,,,,
375,581113582,ETH-USD,3832.11,0.13155378,2024-12-12 02:51:54.836362+00:00,BUY,,,,,,
376,581113526,ETH-USD,3834.12,0.01,2024-12-12 02:51:39.974141+00:00,BUY,,,,,,
377,581113462,ETH-USD,3834.91,0.0012907,2024-12-12 02:51:23.596043+00:00,SELL,,,,,,
378,581113358,ETH-USD,3835.92,0.01240073,2024-12-12 02:51:09.876814+00:00,SELL,,,,,,
379,581113247,ETH-USD,3834.17,0.02623242,2024-12-12 02:50:54.520121+00:00,SELL,,,,,,
380,581113115,ETH-USD,3831.74,0.00075848,2024-12-12 02:50:39.928522+00:00,BUY,,,,,,
381,581113025,ETH-USD,3829.38,0.12959144,2024-12-12 02:50:24.964271+00:00,BUY,,,,,,
382,581112950,ETH-USD,3827.64,0.6,2024-12-12 02:50:09.516997+00:00,BUY,,,,,,
383,581112849,ETH-USD,3827.94,0.02902755,2024-12-12 02:49:54.678687+00:00,BUY,,,,,,
384,581112770,ETH-USD,3826.78,0.02328805,2024-12-12 02:49:38.484204+00:00,BUY,,,,,,
385,581112691,ETH-USD,3824.14,0.00009152,2024-12-12 02:49:24.929029+00:00,BUY,,,,,,
386,581112612,ETH-USD,3824.12,0.39112666,2024-12-12 02:49:09.289439+00:00,SELL,,,,,,
387,581112539,ETH-USD,3827.17,0.00915182,2024-12-12 02:48:54.264085+00:00,SELL,,,,,,
388,581112472,ETH-USD,3828.23,0.01513782,2024-12-12 02:48:39.822509+00:00,BUY,,,,,,
389,581112426,ETH-USD,3828.54,0.57927203,2024-12-12 02:48:24.630923+00:00,BUY,,,,,,
390,581112364,ETH-USD,3829.99,0.01241605,2024-12-12 02:48:08.746855+00:00,BUY,,,,,,
391,581112309,ETH-USD,3831.39,0.02326003,2024-12-12 02:47:54.777044+00:00,BUY,,,,,,
392,581112228,ETH-USD,3831.94,0.00180969,2024-12-12 02:47:39.840318+00:00,SELL,,,,,,
393,581112099,ETH-USD,3834.47,2.49109933,2024-12-12 02:47:24.422175+00:00,BUY,,,,,,
394,581111967,ETH-USD,3829.36,0.01377931,2024-12-12 02:47:09.917204+00:00,SELL,,,,,,
395,581111893,ETH-USD,3828.17,0.01695752,2024-12-12 02:46:54.664663+00:00,SELL,,,,,,
396,581111841,ETH-USD,3829.06,0.00026112,2024-12-12 02:46:39.200888+00:00,SELL,,,,,,
397,581111767,ETH-USD,3828.97,0.01822975,2024-12-12 02:46:24.435056+00:00,SELL,,,,,,
398,581111692,ETH-USD,3828.71,0.05883812,2024-12-12 02:46:09.340368+00:00,SELL,,,,,,
399,581111621,ETH-USD,3828.06,0.00026122,2024-12-12 02:45:54.288558+00:00,BUY,,,,,,
400,581111567,ETH-USD,3828.12,0.00035582,2024-12-12 02:45:39.346893+00:00,SELL,,,,,,
401,581111490,ETH-USD,3827.98,0.00045562,2024-12-12 02:45:24.959024+00:00,BUY,,,,,,
402,581111399,ETH-USD,3829.56,0.06346357,2024-12-12 02:45:09.142330+00:00,SELL,,,,,,
403,581111309,ETH-USD,3828.35,0.00002611,2024-12-12 02:44:54.692023+00:00,SELL,,,,,,
404,581111185,ETH-USD,3827.59,0.00522477,2024-12-12 02:44:39.819786+00:00,BUY,,,,,,
405,581111140,ETH-USD,3827.91,0.00016981,2024-12-12 02:44:23.771457+00:00,BUY,,,,,,
406,581111093,ETH-USD,3827.92,0.00129315,2024-12-12 02:44:09.598926+00:00,SELL,,,,,,
407,581111034,ETH-USD,3827.83,0.4783927,2024-12-12 02:43:53.852309+00:00,BUY,,,,,,
408,581110969,ETH-USD,3827.51,0.00493625,2024-12-12 02:43:38.600362+00:00,SELL,,,,,,
409,581110910,ETH-USD,3827.94,0.00444402,2024-12-12 02:43:24.942376+00:00,SELL,,,,,,
410,581110834,ETH-USD,3827.9,0.03321194,2024-12-12 02:43:09.563259+00:00,BUY,,,,,,
411,581110770,ETH-USD,3828.36,0.58128001,2024-12-12 02:42:54.889269+00:00,BUY,,,,,,
412,581110695,ETH-USD,3827.33,0.0127941,2024-12-12 02:42:39.943068+00:00,SELL,,,,,,
413,581110648,ETH-USD,3827.03,0.01291104,2024-12-12 02:42:24.793209+00:00,SELL,,,,,,
414,581110572,ETH-USD,3826.91,0.00006402,2024-12-12 02:42:09.989750+00:00,SELL,,,,,,
415,581110519,ETH-USD,3827.53,0.00774044,2024-12-12 02:41:54.931137+00:00,SELL,,,,,,
416,581110483,ETH-USD,3827.3,0.00876802,2024-12-12 02:41:39.693685+00:00,SELL,,,,,,
417,581110446,ETH-USD,3827.59,0.00129333,2024-12-12 02:41:24.954194+00:00,SELL,,,,,,
418,581110372,ETH-USD,3827.22,0.49509786,2024-12-12 02:41:09.600970+00:00,BUY,,,,,,
419,581110263,ETH-USD,3825.73,0.00740432,2024-12-12 02:40:54.654106+00:00,SELL,,,,,,
420,581110168,ETH-USD,3827.19,0.00153761,2024-12-12 02:40:39.434453+00:00,SELL,,,,,,
421,581110059,ETH-USD,3826.78,0.00573512,2024-12-12 02:40:24.533216+00:00,SELL,,,,,,
422,581109935,ETH-USD,3826.27,0.00176995,2024-12-12 02:40:09.937625+00:00,SELL,,,,,,
423,581109843,ETH-USD,3824.57,0.00595753,2024-12-12 02:39:54.839687+00:00,SELL,,,,,,
424,581109796,ETH-USD,3824.56,0.02824619,2024-12-12 02:39:39.672099+00:00,SELL,,,,,,
425,581109729,ETH-USD,3825.18,0.15278326,2024-12-12 02:39:23.842769+00:00,BUY,,,,,,
426,581109696,ETH-USD,3825.17,0.00504385,2024-12-12 02:39:09.982665+00:00,SELL,,,,,,
427,581109638,ETH-USD,3824.52,0.00030048,2024-12-12 02:38:54.643069+00:00,SELL,,,,,,
428,581109543,ETH-USD,3825.84,0.02465453,2024-12-12 02:38:39.523259+00:00,BUY,,,,,,
430,581109425,ETH-USD,3826.12,0.33320776,2024-12-12 02:38:08.850425+00:00,BUY,,,,,,
431,581109363,ETH-USD,3826.85,0.19404561,2024-12-12 02:37:54.406368+00:00,SELL,,,,,,
432,581109286,ETH-USD,3826.42,0.07567292,2024-12-12 02:37:39.854785+00:00,SELL,,,,,,
433,581109209,ETH-USD,3826.16,0.00336347,2024-12-12 02:37:24.161478+00:00,SELL,,,,,,
434,581109147,ETH-USD,3825.52,0.00134337,2024-12-12 02:37:09.547757+00:00,BUY,,,,,,
435,581109075,ETH-USD,3825.4,0.0020435,2024-12-12 02:36:54.139708+00:00,SELL,,,,,,
436,581109037,ETH-USD,3825.66,0.00062209,2024-12-12 02:36:39.498898+00:00,SELL,,,,,,
437,581108975,ETH-USD,3824.92,0.29959254,2024-12-12 02:36:24.626280+00:00,BUY,,,,,,
438,581108921,ETH-USD,3825.3,0.00828197,2024-12-12 02:36:09.744277+00:00,SELL,,,,,,
439,581108856,ETH-USD,3825.21,0.0034971,2024-12-12 02:35:53.215495+00:00,SELL,,,,,,
440,581108774,ETH-USD,3823.77,0.01347164,2024-12-12 02:35:38.138300+00:00,BUY,,,,,,
441,581108696,ETH-USD,3823.03,0.00026157,2024-12-12 02:35:24.895876+00:00,SELL,,,,,,
442,581108621,ETH-USD,3823.04,0.35996432,2024-12-12 02:35:09.143359+00:00,BUY,,,,,,
443,581108591,ETH-USD,3824.02,0.00065731,2024-12-12 02:34:54.903128+00:00,BUY,,,,,,
444,581108495,ETH-USD,3824.91,0.00316585,2024-12-12 02:34:39.271297+00:00,SELL,,,,,,
445,581108436,ETH-USD,3825.35,0.0619696,2024-12-12 02:34:24.961267+00:00,SELL,,,,,,
447,581108293,ETH-USD,3826.46,0.01319758,2024-12-12 02:33:54.886264+00:00,BUY,,,,,,
448,581108239,ETH-USD,3826.11,0.00103758,2024-12-12 02:33:39.339298+00:00,SELL,,,,,,
449,581108185,ETH-USD,3826.02,0.01843841,2024-12-12 02:33:24.868122+00:00,SELL,,,,,,
450,581108144,ETH-USD,3826.1,0.391,2024-12-12 02:33:09.684202+00:00,BUY,,,,,,
451,581108083,ETH-USD,3826.14,0.00043449,2024-12-12 02:32:54.350643+00:00,SELL,,,,,,
452,581107998,ETH-USD,3825.59,0.07620322,2024-12-12 02:32:39.876920+00:00,SELL,,,,,,
453,581107937,ETH-USD,3825.69,0.00394284,2024-12-12 02:32:24.957626+00:00,SELL,,,,,,
454,581107845,ETH-USD,3824.89,0.00051767,2024-12-12 02:32:09.310547+00:00,SELL,,,,,,
455,581107769,ETH-USD,3826.03,0.04561618,2024-12-12 02:31:53.971409+00:00,SELL,,,,,,
456,581107676,ETH-USD,3824.46,0.001,2024-12-12 02:31:39.334744+00:00,SELL,,,,,,
457,581107606,ETH-USD,3823.72,0.0236194,2024-12-12 02:31:24.197715+00:00,BUY,,,,,,
458,581107538,ETH-USD,3824.08,0.00010454,2024-12-12 02:31:09.672189+00:00,SELL,,,,,,
459,581107420,ETH-USD,3822.53,0.02616062,2024-12-12 02:30:54.354437+00:00,BUY,,,,,,
460,581107375,ETH-USD,3822.7,0.0236257,2024-12-12 02:30:39.848901+00:00,BUY,,,,,,
461,581107327,ETH-USD,3822.8,0.00061644,2024-12-12 02:30:24.250334+00:00,BUY,,,,,,
462,581107278,ETH-USD,3823.1,0.00359068,2024-12-12 02:30:09.808116+00:00,SELL,,,,,,
463,581107226,ETH-USD,3823.12,0.00052051,2024-12-12 02:29:54.832908+00:00,SELL,,,,,,
464,581107165,ETH-USD,3822.78,0.0002,2024-12-12 02:29:39.894130+00:00,BUY,,,,,,
465,581107119,ETH-USD,3823.12,0.01294622,2024-12-12 02:29:24.700241+00:00,SELL,,,,,,
466,581107051,ETH-USD,3822.93,0.0333188,2024-12-12 02:29:09.976640+00:00,BUY,,,,,,
467,581107006,ETH-USD,3823.57,0.00305273,2024-12-12 02:28:54.816232+00:00,SELL,,,,,,
468,581106866,ETH-USD,3821.51,0.00240572,2024-12-12 02:28:39.991561+00:00,SELL,,,,,,
469,581106815,ETH-USD,3821.62,0.02363238,2024-12-12 02:28:24.780735+00:00,BUY,,,,,,
470,581106752,ETH-USD,3822.55,0.00026202,2024-12-12 02:28:09.882743+00:00,BUY,,,,,,
471,581106717,ETH-USD,3822.69,0.00029812,2024-12-12 02:27:54.661222+00:00,SELL,,,,,,
472,581106622,ETH-USD,3821.6,0.00479427,2024-12-12 02:27:39.945470+00:00,SELL,,,,,,
473,581106561,ETH-USD,3822.24,0.00065731,2024-12-12 02:27:24.581550+00:00,BUY,,,,,,
474,581106460,ETH-USD,3822.02,0.00702858,2024-12-12 02:27:09.968276+00:00,SELL,,,,,,
475,581106404,ETH-USD,3821.49,0.02397443,2024-12-12 02:26:54.549441+00:00,BUY,,,,,,
476,581106317,ETH-USD,3820.71,0.005,2024-12-12 02:26:39.578062+00:00,BUY,,,,,,
477,581106258,ETH-USD,3820.64,0.00171304,2024-12-12 02:26:24.938536+00:00,SELL,,,,,,
478,581106142,ETH-USD,3820.0,0.00354693,2024-12-12 02:26:09.902159+00:00,BUY,,,,,,
479,581106110,ETH-USD,3820.6,0.0007744,2024-12-12 02:25:54.644841+00:00,SELL,,,,,,
480,581106042,ETH-USD,3820.5,0.001443,2024-12-12 02:25:39.067549+00:00,BUY,,,,,,
481,581105960,ETH-USD,3818.42,0.00179718,2024-12-12 02:25:24.608205+00:00,SELL,,,,,,
482,581105877,ETH-USD,3818.36,0.00062224,2024-12-12 02:25:09.712623+00:00,SELL,,,,,,
483,581105808,ETH-USD,3817.8,0.00127241,2024-12-12 02:24:54.665354+00:00,SELL,,,,,,
484,581105727,ETH-USD,3819.11,0.00420635,2024-12-12 02:24:39.674649+00:00,BUY,,,,,,
485,581105628,ETH-USD,3820.17,0.001,2024-12-12 02:24:24.926169+00:00,BUY,,,,,,
486,581105558,ETH-USD,3821.24,0.001,2024-12-12 02:24:09.579180+00:00,SELL,,,,,,
487,581105520,ETH-USD,3821.84,0.00410684,2024-12-12 02:23:54.513378+00:00,SELL,,,,,,
488,581105461,ETH-USD,3821.48,0.099,2024-12-12 02:23:39.970957+00:00,SELL,,,,,,
489,581105419,ETH-USD,3821.76,0.00012031,2024-12-12 02:23:24.462241+00:00,SELL,,,,,,
490,581105361,ETH-USD,3821.08,0.00064093,2024-12-12 02:23:09.608871+00:00,SELL,,,,,,
491,581105239,ETH-USD,3818.26,0.00042731,2024-12-12 02:22:54.500803+00:00,SELL,,,,,,
492,581105145,ETH-USD,3818.81,0.00029852,2024-12-12 02:22:38.568014+00:00,BUY,,,,,,
493,581105106,ETH-USD,3819.49,0.00804545,2024-12-12 02:22:24.950857+00:00,SELL,,,,,,
494,581105003,ETH-USD,3819.79,0.55440743,2024-12-12 02:22:09.917849+00:00,BUY,,,,,,
495,581104953,ETH-USD,3819.99,0.03709885,2024-12-12 02:21:54.775808+00:00,BUY,,,,,,
496,581104886,ETH-USD,3819.64,0.00597384,2024-12-12 02:21:39.338575+00:00,SELL,,,,,,
498,581104755,ETH-USD,3818.3,0.02495663,2024-12-12 02:21:09.682984+00:00,SELL,,,,,,
499,581104726,ETH-USD,3818.17,0.12723975,2024-12-12 02:20:54.832923+00:00,SELL,,,,,,
500,581104647,ETH-USD,3818.58,0.00618299,2024-12-12 02:20:39.681369+00:00,SELL,,,,,,
501,581104552,ETH-USD,3817.47,0.00033998,2024-12-12 02:20:24.726558+00:00,SELL,,,,,,
502,581104483,ETH-USD,3818.22,0.00026191,2024-12-12 02:20:09.829839+00:00,SELL,,,,,,
503,581104404,ETH-USD,3818.12,0.00480036,2024-12-12 02:19:54.720321+00:00,SELL,,,,,,
504,581104309,ETH-USD,3817.47,0.07631012,2024-12-12 02:19:39.982764+00:00,SELL,,,,,,
505,581104249,ETH-USD,3817.34,0.00800567,2024-12-12 02:19:23.760834+00:00,SELL,,,,,,
506,581104204,ETH-USD,3817.03,0.00013104,2024-12-12 02:19:09.990617+00:00,SELL,,,,,,
507,581104129,ETH-USD,3815.72,0.00084382,2024-12-12 02:18:54.714380+00:00,BUY,,,,,,
508,581104065,ETH-USD,3816.58,0.02442074,2024-12-12 02:18:39.633214+00:00,BUY,,,,,,
509,581104004,ETH-USD,3817.78,0.001,2024-12-12 02:18:24.669242+00:00,BUY,,,,,,
510,581103935,ETH-USD,3817.27,0.00987538,2024-12-12 02:18:09.158984+00:00,SELL,,,,,,
511,581103862,ETH-USD,3816.45,0.59715049,2024-12-12 02:17:54.582745+00:00,SELL,,,,,,
512,581103813,ETH-USD,3817.42,0.02169355,2024-12-12 02:17:39.778464+00:00,BUY,,,,,,
513,581103752,ETH-USD,3816.56,0.2589923,2024-12-12 02:17:24.664988+00:00,BUY,,,,,,
514,581103647,ETH-USD,3814.61,0.00065808,2024-12-12 02:17:09.971418+00:00,BUY,,,,,,
515,581103570,ETH-USD,3813.57,0.01191859,2024-12-12 02:16:54.471404+00:00,BUY,,,,,,
516,581103516,ETH-USD,3813.28,0.06538359,2024-12-12 02:16:39.934250+00:00,SELL,,,,,,
517,581103477,ETH-USD,3814.07,0.6,2024-12-12 02:16:24.356307+00:00,SELL,,,,,,
518,581103412,ETH-USD,3813.46,0.00688518,2024-12-12 02:16:09.911226+00:00,BUY,,,,,,
519,581103339,ETH-USD,3813.74,0.00052722,2024-12-12 02:15:53.220923+00:00,BUY,,,,,,
520,581103271,ETH-USD,3811.36,0.02500313,2024-12-12 02:15:39.945840+00:00,BUY,,,,,,
521,581103192,ETH-USD,3811.76,0.00234032,2024-12-12 02:15:24.959231+00:00,SELL,,,,,,
522,581103137,ETH-USD,3811.43,0.00038153,2024-12-12 02:15:09.639210+00:00,SELL,,,,,,
523,581103028,ETH-USD,3810.03,0.00480904,2024-12-12 02:14:54.633794+00:00,SELL,,,,,,
524,581102954,ETH-USD,3811.16,0.00016979,2024-12-12 02:14:39.011420+00:00,SELL,,,,,,
525,581102906,ETH-USD,3811.26,0.01258837,2024-12-12 02:14:24.983698+00:00,SELL,,,,,,
526,581102853,ETH-USD,3813.11,0.01244569,2024-12-12 02:14:09.428302+00:00,SELL,,,,,,
527,581102801,ETH-USD,3813.73,0.01171157,2024-12-12 02:13:54.797981+00:00,SELL,,,,,,
528,581102690,ETH-USD,3812.94,0.03409194,2024-12-12 02:13:39.397448+00:00,SELL,,,,,,
529,581102627,ETH-USD,3811.73,0.01246928,2024-12-12 02:13:24.645224+00:00,SELL,,,,,,
530,581102598,ETH-USD,3811.64,0.00045772,2024-12-12 02:13:08.711849+00:00,SELL,,,,,,
531,581102526,ETH-USD,3811.11,0.0023409,2024-12-12 02:12:53.582236+00:00,SELL,,,,,,
532,581102455,ETH-USD,3810.03,0.02501186,2024-12-12 02:12:38.685171+00:00,BUY,,,,,,
533,581102391,ETH-USD,3809.58,0.00054336,2024-12-12 02:12:24.013394+00:00,BUY,,,,,,
534,581102321,ETH-USD,3809.3,0.01070566,2024-12-12 02:12:09.194258+00:00,BUY,,,,,,
535,581102264,ETH-USD,3808.94,0.00008397,2024-12-12 02:11:54.348283+00:00,SELL,,,,,,
536,581102196,ETH-USD,3808.68,0.84433436,2024-12-12 02:11:39.974536+00:00,SELL,,,,,,
537,581102131,ETH-USD,3809.91,0.05248931,2024-12-12 02:11:24.646380+00:00,BUY,,,,,,
538,581102046,ETH-USD,3809.04,0.03036,2024-12-12 02:11:09.597867+00:00,BUY,,,,,,
539,581101993,ETH-USD,3808.55,0.00078741,2024-12-12 02:10:54.455674+00:00,BUY,,,,,,
540,581101922,ETH-USD,3810.06,0.12725758,2024-12-12 02:10:39.072824+00:00,SELL,,,,,,
541,581101850,ETH-USD,3809.36,0.0091,2024-12-12 02:10:24.352372+00:00,SELL,,,,,,
542,581101770,ETH-USD,3806.56,0.33868791,2024-12-12 02:10:09.557692+00:00,BUY,,,,,,
543,581101705,ETH-USD,3806.69,0.02106517,2024-12-12 02:09:54.320979+00:00,BUY,,,,,,
544,581101613,ETH-USD,3805.84,0.00611325,2024-12-12 02:09:39.151595+00:00,SELL,,,,,,
545,581101514,ETH-USD,3809.13,0.03801265,2024-12-12 02:09:24.127501+00:00,SELL,,,,,,
546,581101463,ETH-USD,3809.2,0.00481198,2024-12-12 02:09:09.618112+00:00,SELL,,,,,,
548,581101363,ETH-USD,3809.02,0.00008689,2024-12-12 02:08:39.963095+00:00,SELL,,,,,,
549,581101296,ETH-USD,3808.92,1.90480409,2024-12-12 02:08:24.270233+00:00,BUY,,,,,,
550,581101234,ETH-USD,3809.42,1.57440679,2024-12-12 02:08:09.676306+00:00,SELL,,,,,,
551,581101155,ETH-USD,3810.21,0.0061077,2024-12-12 02:07:54.380150+00:00,SELL,,,,,,
552,581101096,ETH-USD,3809.96,0.01078668,2024-12-12 02:07:39.891096+00:00,SELL,,,,,,
553,581101030,ETH-USD,3811.55,0.01,2024-12-12 02:07:23.802407+00:00,SELL,,,,,,
554,581100966,ETH-USD,3811.15,0.0012987,2024-12-12 02:07:08.695542+00:00,SELL,,,,,,
555,581100871,ETH-USD,3811.58,0.05097463,2024-12-12 02:06:54.853022+00:00,SELL,,,,,,
556,581100812,ETH-USD,3810.92,0.0010703,2024-12-12 02:06:39.910211+00:00,BUY,,,,,,
557,581100737,ETH-USD,3811.98,0.00820552,2024-12-12 02:06:24.850030+00:00,SELL,,,,,,
558,581100638,ETH-USD,3810.45,2.76504801,2024-12-12 02:06:09.143761+00:00,SELL,,,,,,
559,581100573,ETH-USD,3812.87,0.002315,2024-12-12 02:05:54.912233+00:00,BUY,,,,,,
560,581100493,ETH-USD,3811.85,0.00025461,2024-12-12 02:05:39.331506+00:00,SELL,,,,,,
561,581100427,ETH-USD,3812.6,0.096003,2024-12-12 02:05:23.681235+00:00,BUY,,,,,,
562,581100351,ETH-USD,3812.17,0.00013113,2024-12-12 02:05:09.955130+00:00,SELL,,,,,,
563,581100290,ETH-USD,3813.06,0.00023134,2024-12-12 02:04:53.718815+00:00,SELL,,,,,,
564,581100236,ETH-USD,3814.23,0.00005241,2024-12-12 02:04:38.804829+00:00,SELL,,,,,,
565,581100141,ETH-USD,3814.24,0.067,2024-12-12 02:04:24.761550+00:00,BUY,,,,,,
566,581100071,ETH-USD,3813.75,0.40796272,2024-12-12 02:04:09.567964+00:00,SELL,,,,,,
567,581100010,ETH-USD,3813.82,0.01280691,2024-12-12 02:03:54.053944+00:00,BUY,,,,,,
568,581099913,ETH-USD,3812.15,0.02346205,2024-12-12 02:03:39.749427+00:00,BUY,,,,,,
569,581099846,ETH-USD,3812.07,0.00987151,2024-12-12 02:03:24.332721+00:00,SELL,,,,,,
570,581099815,ETH-USD,3811.95,0.00010814,2024-12-12 02:03:09.584145+00:00,BUY,,,,,,
571,581099736,ETH-USD,3810.11,0.4539473,2024-12-12 02:02:54.395274+00:00,BUY,,,,,,
572,581099702,ETH-USD,3809.55,0.00214633,2024-12-12 02:02:39.897624+00:00,BUY,,,,,,
573,581099650,ETH-USD,3810.33,0.00184202,2024-12-12 02:02:23.789104+00:00,SELL,,,,,,
574,581099595,ETH-USD,3810.86,0.00007347,2024-12-12 02:02:09.728620+00:00,BUY,,,,,,
575,581099525,ETH-USD,3810.55,0.01842322,2024-12-12 02:01:54.552493+00:00,SELL,,,,,,
576,581099450,ETH-USD,3811.67,0.00009896,2024-12-12 02:01:38.872387+00:00,BUY,,,,,,
577,581099371,ETH-USD,3809.43,0.00094581,2024-12-12 02:01:24.945374+00:00,BUY,,,,,,
578,581099286,ETH-USD,3810.24,0.49856803,2024-12-12 02:01:09.368749+00:00,SELL,,,,,,
579,581099251,ETH-USD,3809.41,1.31253999,2024-12-12 02:00:54.751978+00:00,SELL,,,,,,
580,581099132,ETH-USD,3809.18,0.005,2024-12-12 02:00:39.801250+00:00,SELL,,,,,,
581,581099055,ETH-USD,3808.05,0.09181915,2024-12-12 02:00:24.505176+00:00,SELL,,,,,,
582,581098971,ETH-USD,3809.0,4.44843405,2024-12-12 02:00:09.579123+00:00,SELL,,,,,,
583,581098884,ETH-USD,3807.92,0.0377449,2024-12-12 01:59:53.543838+00:00,SELL,,,,,,
584,581098810,ETH-USD,3807.57,0.00056041,2024-12-12 01:59:39.971756+00:00,BUY,,,,,,
585,581098750,ETH-USD,3807.38,0.00162815,2024-12-12 01:59:24.778756+00:00,SELL,,,,,,
586,581098666,ETH-USD,3807.65,0.00008691,2024-12-12 01:59:09.438530+00:00,SELL,,,,,,
587,581098561,ETH-USD,3806.43,0.0000026,2024-12-12 01:58:54.729840+00:00,SELL,,,,,,
588,581098468,ETH-USD,3804.45,0.00032703,2024-12-12 01:58:39.937405+00:00,SELL,,,,,,
589,581098338,ETH-USD,3803.41,0.00234589,2024-12-12 01:58:24.422056+00:00,SELL,,,,,,
590,581098273,ETH-USD,3802.01,0.00304428,2024-12-12 01:58:08.114819+00:00,SELL,,,,,,
591,581098205,ETH-USD,3803.65,0.02795075,2024-12-12 01:57:54.774277+00:00,BUY,,,,,,
592,581098121,ETH-USD,3803.4,0.07421529,2024-12-12 01:57:39.668378+00:00,BUY,,,,,,
593,581098037,ETH-USD,3802.68,0.00000755,2024-12-12 01:57:24.270261+00:00,BUY,,,,,,
595,581097907,ETH-USD,3802.88,0.00165704,2024-12-12 01:56:54.877131+00:00,SELL,,,,,,
596,581097845,ETH-USD,3802.83,0.0098435,2024-12-12 01:56:39.814538+00:00,BUY,,,,,,
597,581097764,ETH-USD,3801.58,0.001,2024-12-12 01:56:24.948117+00:00,BUY,,,,,,
598,581097691,ETH-USD,3802.73,0.1392,2024-12-12 01:56:09.775839+00:00,BUY,,,,,,
599,581097598,ETH-USD,3802.27,0.00043912,2024-12-12 01:55:53.742002+00:00,BUY,,,,,,
600,581097540,ETH-USD,3802.01,0.00530951,2024-12-12 01:55:38.791624+00:00,SELL,,,,,,
601,581097457,ETH-USD,3801.65,0.001,2024-12-12 01:55:24.635654+00:00,BUY,,,,,,
602,581097367,ETH-USD,3801.44,0.00055409,2024-12-12 01:55:09.271759+00:00,SELL,,,,,,
603,581097235,ETH-USD,3800.33,0.00000842,2024-12-12 01:54:54.635712+00:00,BUY,,,,,,
604,581097151,ETH-USD,3801.58,0.00934033,2024-12-12 01:54:39.777977+00:00,BUY,,,,,,
605,581097065,ETH-USD,3800.78,0.02384725,2024-12-12 01:54:24.894804+00:00,SELL,,,,,,
606,581096941,ETH-USD,3803.05,0.00009286,2024-12-12 01:54:09.931815+00:00,SELL,,,,,,
607,581096833,ETH-USD,3803.91,0.011,2024-12-12 01:53:54.627264+00:00,BUY,,,,,,
608,581096791,ETH-USD,3803.84,0.00004994,2024-12-12 01:53:38.203221+00:00,BUY,,,,,,
609,581096737,ETH-USD,3805.15,0.00044102,2024-12-12 01:53:24.868063+00:00,BUY,,,,,,
610,581096669,ETH-USD,3804.52,0.00260638,2024-12-12 01:53:09.783147+00:00,SELL,,,,,,
611,581096566,ETH-USD,3803.44,0.07477525,2024-12-12 01:52:54.911350+00:00,SELL,,,,,,
612,581096480,ETH-USD,3803.79,0.0013008,2024-12-12 01:52:39.741940+00:00,SELL,,,,,,
613,581096404,ETH-USD,3805.18,0.03822546,2024-12-12 01:52:23.827051+00:00,SELL,,,,,,
614,581096330,ETH-USD,3805.37,0.00452494,2024-12-12 01:52:09.148470+00:00,SELL,,,,,,
615,581096245,ETH-USD,3806.36,0.03016246,2024-12-12 01:51:54.710303+00:00,BUY,,,,,,
616,581096149,ETH-USD,3806.36,0.02649312,2024-12-12 01:51:39.981684+00:00,SELL,,,,,,
617,581096034,ETH-USD,3804.57,0.0000099,2024-12-12 01:51:24.899369+00:00,BUY,,,,,,
618,581095976,ETH-USD,3805.79,0.02828634,2024-12-12 01:51:09.177373+00:00,SELL,,,,,,
619,581095855,ETH-USD,3806.17,0.00000262,2024-12-12 01:50:53.523224+00:00,SELL,,,,,,
620,581095774,ETH-USD,3805.14,0.0569,2024-12-12 01:50:39.833564+00:00,SELL,,,,,,
621,581095597,ETH-USD,3808.3,0.00776113,2024-12-12 01:50:24.721759+00:00,SELL,,,,,,
622,581095528,ETH-USD,3807.79,0.0116,2024-12-12 01:50:09.869338+00:00,SELL,,,,,,
623,581095438,ETH-USD,3809.46,0.00259783,2024-12-12 01:49:54.706629+00:00,SELL,,,,,,
624,581095358,ETH-USD,3810.87,0.00043689,2024-12-12 01:49:39.449960+00:00,BUY,,,,,,
626,581095249,ETH-USD,3813.67,0.00651067,2024-12-12 01:49:09.806625+00:00,SELL,,,,,,
627,581095148,ETH-USD,3813.25,0.00636864,2024-12-12 01:48:54.957791+00:00,SELL,,,,,,
628,581095067,ETH-USD,3813.03,0.00696412,2024-12-12 01:48:39.791728+00:00,SELL,,,,,,
629,581094992,ETH-USD,3811.48,0.00234066,2024-12-12 01:48:24.023911+00:00,SELL,,,,,,
630,581094943,ETH-USD,3813.0,0.07574,2024-12-12 01:48:09.776446+00:00,BUY,,,,,,
631,581094840,ETH-USD,3809.84,0.02145596,2024-12-12 01:47:54.810003+00:00,BUY,,,,,,
632,581094746,ETH-USD,3810.31,0.03210285,2024-12-12 01:47:39.462132+00:00,BUY,,,,,,
633,581094707,ETH-USD,3810.83,0.00651886,2024-12-12 01:47:24.745054+00:00,BUY,,,,,,
635,581094579,ETH-USD,3810.83,0.00610704,2024-12-12 01:46:54.801621+00:00,SELL,,,,,,
636,581094520,ETH-USD,3811.98,0.00075357,2024-12-12 01:46:39.992184+00:00,SELL,,,,,,
637,581094439,ETH-USD,3811.87,0.00929304,2024-12-12 01:46:24.603824+00:00,SELL,,,,,,
638,581094353,ETH-USD,3812.44,0.007869,2024-12-12 01:46:09.882471+00:00,SELL,,,,,,
639,581094284,ETH-USD,3811.33,0.00779169,2024-12-12 01:45:54.779703+00:00,BUY,,,,,,
640,581094244,ETH-USD,3812.23,0.00649371,2024-12-12 01:45:39.852430+00:00,SELL,,,,,,
641,581094171,ETH-USD,3812.86,0.00009179,2024-12-12 01:45:24.490755+00:00,BUY,,,,,,
642,581094064,ETH-USD,3811.27,0.00041175,2024-12-12 01:45:09.746978+00:00,BUY,,,,,,
643,581094003,ETH-USD,3812.84,0.50565732,2024-12-12 01:44:53.863881+00:00,BUY,,,,,,
644,581093919,ETH-USD,3812.98,0.00050923,2024-12-12 01:44:39.385993+00:00,BUY,,,,,,
645,581093854,ETH-USD,3813.25,0.02466173,2024-12-12 01:44:24.323273+00:00,SELL,,,,,,
646,581093805,ETH-USD,3813.59,0.0259591,2024-12-12 01:44:09.601311+00:00,SELL,,,,,,
647,581093739,ETH-USD,3814.66,0.0017698,2024-12-12 01:43:54.882400+00:00,SELL,,,,,,
648,581093663,ETH-USD,3813.43,0.0017451,2024-12-12 01:43:39.903608+00:00,BUY,,,,,,
650,581093522,ETH-USD,3814.92,0.1175,2024-12-12 01:43:09.924312+00:00,SELL,,,,,,
651,581093420,ETH-USD,3815.17,0.0015596,2024-12-12 01:42:54.687903+00:00,SELL,,,,,,
652,581093340,ETH-USD,3815.52,0.13233753,2024-12-12 01:42:39.340811+00:00,BUY,,,,,,
653,581093247,ETH-USD,3816.4,0.005,2024-12-12 01:42:24.865755+00:00,SELL,,,,,,
654,581093182,ETH-USD,3815.08,0.3222,2024-12-12 01:42:09.609944+00:00,BUY,,,,,,
655,581093109,ETH-USD,3815.64,0.01242363,2024-12-12 01:41:54.948862+00:00,SELL,,,,,,
656,581093010,ETH-USD,3817.24,0.0004862,2024-12-12 01:41:39.787113+00:00,SELL,,,,,,
657,581092932,ETH-USD,3817.42,0.22307046,2024-12-12 01:41:24.825648+00:00,BUY,,,,,,
658,581092850,ETH-USD,3816.76,0.00010303,2024-12-12 01:41:09.810745+00:00,BUY,,,,,,
659,581092796,ETH-USD,3819.38,0.20227199,2024-12-12 01:40:54.976661+00:00,BUY,,,,,,
660,581092741,ETH-USD,3820.68,0.00609273,2024-12-12 01:40:39.331783+00:00,SELL,,,,,,
661,581092663,ETH-USD,3818.66,0.03104871,2024-12-12 01:40:24.727780+00:00,BUY,,,,,,
662,581092550,ETH-USD,3817.29,0.00778199,2024-12-12 01:40:08.630022+00:00,BUY,,,,,,
663,581092482,ETH-USD,3815.84,0.00328135,2024-12-12 01:39:54.808688+00:00,SELL,,,,,,
664,581092422,ETH-USD,3815.78,0.02497773,2024-12-12 01:39:38.712953+00:00,SELL,,,,,,
665,581092345,ETH-USD,3815.25,0.00804996,2024-12-12 01:39:24.831479+00:00,SELL,,,,,,
666,581092266,ETH-USD,3814.28,0.02595544,2024-12-12 01:39:09.695541+00:00,SELL,,,,,,
667,581092183,ETH-USD,3813.67,0.00763443,2024-12-12 01:38:54.423482+00:00,SELL,,,,,,
669,581092022,ETH-USD,3812.7,0.00042779,2024-12-12 01:38:24.412624+00:00,SELL,,,,,,
670,581091951,ETH-USD,3812.51,0.00066523,2024-12-12 01:38:09.493368+00:00,BUY,,,,,,
671,581091889,ETH-USD,3812.83,0.0000536,2024-12-12 01:37:54.587853+00:00,SELL,,,,,,
672,581091764,ETH-USD,3811.17,0.00049424,2024-12-12 01:37:39.172546+00:00,BUY,,,,,,
673,581091702,ETH-USD,3810.97,0.00213934,2024-12-12 01:37:24.699725+00:00,SELL,,,,,,
674,581091654,ETH-USD,3811.56,0.00065912,2024-12-12 01:37:09.924284+00:00,SELL,,,,,,
675,581091593,ETH-USD,3811.67,0.00856653,2024-12-12 01:36:54.988914+00:00,SELL,,,,,,
676,581091522,ETH-USD,3813.43,0.014,2024-12-12 01:36:39.512713+00:00,BUY,,,,,,
677,581091438,ETH-USD,3811.71,0.00302263,2024-12-12 01:36:24.875729+00:00,SELL,,,,,,
678,581091358,ETH-USD,3811.86,0.03239249,2024-12-12 01:36:09.890416+00:00,BUY,,,,,,
679,581091272,ETH-USD,3813.23,0.00477874,2024-12-12 01:35:54.456568+00:00,SELL,,,,,,
680,581091194,ETH-USD,3811.33,0.006008,2024-12-12 01:35:39.654998+00:00,SELL,,,,,,
681,581091122,ETH-USD,3811.31,0.0048066,2024-12-12 01:35:24.698042+00:00,SELL,,,,,,
682,581091033,ETH-USD,3810.26,0.00017458,2024-12-12 01:35:09.787140+00:00,SELL,,,,,,
683,581090951,ETH-USD,3810.35,0.00008691,2024-12-12 01:34:54.613700+00:00,SELL,,,,,,
684,581090870,ETH-USD,3809.49,0.00041058,2024-12-12 01:34:39.872062+00:00,BUY,,,,,,
685,581090778,ETH-USD,3810.37,0.00006823,2024-12-12 01:34:24.953058+00:00,BUY,,,,,,
686,581090690,ETH-USD,3809.78,0.00007561,2024-12-12 01:34:09.969593+00:00,SELL,,,,,,
687,581090618,ETH-USD,3809.59,0.09,2024-12-12 01:33:54.937199+00:00,BUY,,,,,,
688,581090535,ETH-USD,3810.38,0.00402841,2024-12-12 01:33:39.657634+00:00,SELL,,,,,,
689,581090475,ETH-USD,3811.14,0.00009183,2024-12-12 01:33:24.710291+00:00,BUY,,,,,,
690,581090364,ETH-USD,3811.6,0.00041698,2024-12-12 01:33:09.932327+00:00,SELL,,,,,,
691,581090309,ETH-USD,3812.7,0.01324047,2024-12-12 01:32:54.447728+00:00,SELL,,,,,,
692,581090240,ETH-USD,3813.53,0.00044587,2024-12-12 01:32:39.334250+00:00,BUY,,,,,,
693,581090165,ETH-USD,3812.21,0.01732365,2024-12-12 01:32:24.995197+00:00,SELL,,,,,,
694,581090092,ETH-USD,3813.4,0.02617448,2024-12-12 01:32:09.752324+00:00,BUY,,,,,,
695,581090027,ETH-USD,3814.66,0.00008689,2024-12-12 01:31:54.742321+00:00,SELL,,,,,,
696,581089938,ETH-USD,3812.1,0.00728629,2024-12-12 01:31:39.332512+00:00,SELL,,,,,,
697,581089868,ETH-USD,3811.78,0.00923564,2024-12-12 01:31:24.860087+00:00,SELL,,,,,,
698,581089778,ETH-USD,3814.23,0.0003801,2024-12-12 01:31:08.830158+00:00,SELL,,,,,,
699,581089629,ETH-USD,3819.93,0.00127137,2024-12-12 01:30:54.960896+00:00,SELL,,,,,,
700,581089575,ETH-USD,3821.77,0.02616164,2024-12-12 01:30:39.873595+00:00,BUY,,,,,,
702,581089477,ETH-USD,3823.57,0.00103827,2024-12-12 01:30:09.869782+00:00,SELL,,,,,,
703,581089434,ETH-USD,3822.8,0.00015695,2024-12-12 01:29:54.754530+00:00,SELL,,,,,,
704,581089404,ETH-USD,3822.88,0.02492889,2024-12-12 01:29:39.382678+00:00,SELL,,,,,,
705,581089359,ETH-USD,3822.84,0.00258983,2024-12-12 01:29:23.976656+00:00,SELL,,,,,,
706,581089310,ETH-USD,3822.61,0.02589867,2024-12-12 01:29:09.951223+00:00,SELL,,,,,,
707,581089224,ETH-USD,3821.3,0.00369958,2024-12-12 01:28:54.534196+00:00,BUY,,,,,,
708,581089166,ETH-USD,3822.59,0.08085719,2024-12-12 01:28:39.059923+00:00,SELL,,,,,,
709,581089087,ETH-USD,3822.3,0.01941231,2024-12-12 01:28:24.684306+00:00,BUY,,,,,,
710,581089022,ETH-USD,3822.2,0.00048811,2024-12-12 01:28:09.878326+00:00,SELL,,,,,,
711,581088957,ETH-USD,3822.74,0.00108764,2024-12-12 01:27:54.945610+00:00,SELL,,,,,,
712,581088902,ETH-USD,3822.68,0.00262225,2024-12-12 01:27:39.859901+00:00,SELL,,,,,,
713,581088832,ETH-USD,3821.95,0.02490133,2024-12-12 01:27:24.876919+00:00,BUY,,,,,,
714,581088720,ETH-USD,3822.9,0.25364226,2024-12-12 01:27:09.853982+00:00,SELL,,,,,,
715,581088624,ETH-USD,3820.47,0.00289998,2024-12-12 01:26:54.658596+00:00,SELL,,,,,,
716,581088482,ETH-USD,3823.3,0.03509091,2024-12-12 01:26:39.553204+00:00,SELL,,,,,,
717,581088447,ETH-USD,3823.55,0.0158713,2024-12-12 01:26:24.847122+00:00,SELL,,,,,,
718,581088386,ETH-USD,3822.69,0.02590897,2024-12-12 01:26:09.651129+00:00,SELL,,,,,,
720,581088240,ETH-USD,3821.71,0.00984532,2024-12-12 01:25:39.373003+00:00,SELL,,,,,,
721,581088166,ETH-USD,3822.06,0.03511212,2024-12-12 01:25:23.754873+00:00,BUY,,,,,,
722,581088120,ETH-USD,3821.98,0.00792868,2024-12-12 01:25:09.784167+00:00,BUY,,,,,,
723,581088073,ETH-USD,3821.32,0.0002617,2024-12-12 01:24:54.751114+00:00,SELL,,,,,,
724,581088028,ETH-USD,3822.19,0.00355755,2024-12-12 01:24:38.459503+00:00,SELL,,,,,,
725,581087973,ETH-USD,3821.8,0.001,2024-12-12 01:24:24.215535+00:00,SELL,,,,,,
726,581087907,ETH-USD,3819.63,0.01190742,2024-12-12 01:24:09.042821+00:00,SELL,,,,,,
727,581087835,ETH-USD,3820.93,0.00099612,2024-12-12 01:23:54.853823+00:00,BUY,,,,,,
728,581087757,ETH-USD,3821.99,0.00021893,2024-12-12 01:23:39.426315+00:00,BUY,,,,,,
729,581087709,ETH-USD,3821.33,0.01077865,2024-12-12 01:23:24.556467+00:00,SELL,,,,,,
730,581087638,ETH-USD,3820.5,0.00012302,2024-12-12 01:23:09.444476+00:00,BUY,,,,,,
731,581087550,ETH-USD,3821.96,0.00129537,2024-12-12 01:22:54.948493+00:00,SELL,,,,,,
732,581087427,ETH-USD,3820.31,0.01,2024-12-12 01:22:38.799277+00:00,SELL,,,,,,
733,581087292,ETH-USD,3821.33,0.00341339,2024-12-12 01:22:23.624708+00:00,SELL,,,,,,
734,581087219,ETH-USD,3821.94,0.00258769,2024-12-12 01:22:09.056661+00:00,SELL,,,,,,
735,581087087,ETH-USD,3821.87,0.00184074,2024-12-12 01:21:54.709989+00:00,SELL,,,,,,
736,581086984,ETH-USD,3822.71,0.01324041,2024-12-12 01:21:39.797583+00:00,SELL,,,,,,
737,581086844,ETH-USD,3825.81,0.00050969,2024-12-12 01:21:24.983310+00:00,SELL,,,,,,
738,581086739,ETH-USD,3826.05,0.00725,2024-12-12 01:21:09.666758+00:00,BUY,,,,,,
739,581086707,ETH-USD,3825.81,0.0021637,2024-12-12 01:20:54.946750+00:00,SELL,,,,,,
741,581086622,ETH-USD,3825.69,0.01242384,2024-12-12 01:20:24.765129+00:00,SELL,,,,,,
742,581086578,ETH-USD,3826.09,0.00084862,2024-12-12 01:20:09.905104+00:00,SELL,,,,,,
743,581086512,ETH-USD,3825.62,0.02698925,2024-12-12 01:19:54.379887+00:00,SELL,,,,,,
744,581086470,ETH-USD,3825.54,0.00021474,2024-12-12 01:19:39.391525+00:00,SELL,,,,,,
745,581086423,ETH-USD,3825.63,0.01282478,2024-12-12 01:19:24.834525+00:00,SELL,,,,,,
746,581086354,ETH-USD,3825.9,0.00253911,2024-12-12 01:19:09.273360+00:00,SELL,,,,,,
747,581086301,ETH-USD,3825.59,0.00103775,2024-12-12 01:18:54.715573+00:00,SELL,,,,,,
748,581086201,ETH-USD,3825.48,0.00044805,2024-12-12 01:18:39.933171+00:00,BUY,,,,,,
749,581086145,ETH-USD,3825.11,0.01293983,2024-12-12 01:18:24.538963+00:00,SELL,,,,,,
750,581086060,ETH-USD,3825.49,0.00026137,2024-12-12 01:18:09.225707+00:00,SELL,,,,,,
751,581086000,ETH-USD,3825.5,0.00479082,2024-12-12 01:17:54.749929+00:00,SELL,,,,,,
752,581085911,ETH-USD,3824.8,0.00485035,2024-12-12 01:17:39.666419+00:00,SELL,,,,,,
753,581085851,ETH-USD,3824.15,0.1793773,2024-12-12 01:17:24.951918+00:00,BUY,,,,,,
754,581085779,ETH-USD,3824.57,0.00042686,2024-12-12 01:17:09.274653+00:00,BUY,,,,,,
755,581085716,ETH-USD,3825.5,0.27320603,2024-12-12 01:16:54.630608+00:00,BUY,,,,,,
756,581085620,ETH-USD,3824.42,0.00023026,2024-12-12 01:16:39.526155+00:00,BUY,,,,,,
757,581085541,ETH-USD,3824.9,0.02928699,2024-12-12 01:16:23.932896+00:00,BUY,,,,,,
758,581085445,ETH-USD,3823.04,0.00005032,2024-12-12 01:16:09.337773+00:00,SELL,,,,,,
759,581085378,ETH-USD,3822.65,0.50324,2024-12-12 01:15:54.222707+00:00,BUY,,,,,,
760,581085294,ETH-USD,3823.64,0.00746,2024-12-12 01:15:39.339118+00:00,BUY,,,,,,
761,581085213,ETH-USD,3823.06,0.00053898,2024-12-12 01:15:24.917651+00:00,SELL,,,,,,
762,581085109,ETH-USD,3823.4,0.00746,2024-12-12 01:15:09.799089+00:00,BUY,,,,,,
763,581085040,ETH-USD,3823.9,0.03731079,2024-12-12 01:14:54.872308+00:00,BUY,,,,,,
764,581084949,ETH-USD,3822.66,0.00233427,2024-12-12 01:14:39.799446+00:00,SELL,,,,,,
765,581084868,ETH-USD,3821.28,0.00237417,2024-12-12 01:14:24.976738+00:00,SELL,,,,,,
766,581084801,ETH-USD,3820.61,0.00928379,2024-12-12 01:14:09.266255+00:00,BUY,,,,,,
767,581084725,ETH-USD,3819.31,0.00043688,2024-12-12 01:13:53.512723+00:00,BUY,,,,,,
768,581084637,ETH-USD,3819.18,0.0373569,2024-12-12 01:13:39.857406+00:00,BUY,,,,,,
769,581084554,ETH-USD,3818.23,0.00026195,2024-12-12 01:13:24.480616+00:00,BUY,,,,,,
770,581084494,ETH-USD,3817.24,0.0071,2024-12-12 01:13:09.829763+00:00,BUY,,,,,,
771,581084429,ETH-USD,3818.8,0.00233597,2024-12-12 01:12:54.907869+00:00,SELL,,,,,,
772,581084308,ETH-USD,3818.52,0.49227713,2024-12-12 01:12:39.336794+00:00,BUY,,,,,,
773,581084228,ETH-USD,3818.97,0.01498651,2024-12-12 01:12:24.601379+00:00,SELL,,,,,,
774,581084156,ETH-USD,3816.88,0.03722887,2024-12-12 01:12:09.982220+00:00,SELL,,,,,,
775,581084098,ETH-USD,3815.48,0.01323652,2024-12-12 01:11:54.538088+00:00,BUY,,,,,,
776,581084050,ETH-USD,3815.19,0.00314393,2024-12-12 01:11:39.573007+00:00,SELL,,,,,,
777,581083986,ETH-USD,3815.86,0.00181799,2024-12-12 01:11:23.968621+00:00,SELL,,,,,,
778,581083926,ETH-USD,3816.68,0.00028205,2024-12-12 01:11:08.776793+00:00,BUY,,,,,,
779,581083841,ETH-USD,3815.77,0.02242682,2024-12-12 01:10:54.295947+00:00,BUY,,,,,,
780,581083747,ETH-USD,3816.47,0.11581283,2024-12-12 01:10:39.710678+00:00,SELL,,,,,,
781,581083644,ETH-USD,3818.07,0.03763689,2024-12-12 01:10:24.763412+00:00,SELL,,,,,,
782,581083547,ETH-USD,3816.42,0.00033063,2024-12-12 01:10:09.694856+00:00,SELL,,,,,,
783,581083479,ETH-USD,3816.69,0.00418947,2024-12-12 01:09:54.673522+00:00,SELL,,,,,,
784,581083411,ETH-USD,3817.8,0.00244778,2024-12-12 01:09:39.580572+00:00,BUY,,,,,,
785,581083364,ETH-USD,3819.54,0.00479854,2024-12-12 01:09:24.946940+00:00,SELL,,,,,,
786,581083314,ETH-USD,3818.48,0.00043798,2024-12-12 01:09:09.320842+00:00,BUY,,,,,,
787,581083256,ETH-USD,3820.07,0.0635926,2024-12-12 01:08:54.695715+00:00,SELL,,,,,,
788,581083198,ETH-USD,3819.94,0.00134018,2024-12-12 01:08:39.385025+00:00,SELL,,,,,,
789,581083119,ETH-USD,3817.17,0.02257285,2024-12-12 01:08:24.910938+00:00,SELL,,,,,,
790,581083028,ETH-USD,3819.28,0.03143705,2024-12-12 01:08:08.900885+00:00,SELL,,,,,,
791,581082967,ETH-USD,3818.65,0.41648994,2024-12-12 01:07:53.824982+00:00,BUY,,,,,,
792,581082897,ETH-USD,3820.57,0.0018161,2024-12-12 01:07:39.994592+00:00,SELL,,,,,,
793,581082830,ETH-USD,3820.89,0.00025717,2024-12-12 01:07:24.875580+00:00,BUY,,,,,,
794,581082747,ETH-USD,3822.1,0.00014738,2024-12-12 01:07:09.394427+00:00,SELL,,,,,,
795,581082667,ETH-USD,3822.79,0.00065738,2024-12-12 01:06:54.315113+00:00,BUY,,,,,,
797,581082532,ETH-USD,3824.85,0.005,2024-12-12 01:06:24.703455+00:00,BUY,,,,,,
798,581082468,ETH-USD,3825.36,0.0635138,2024-12-12 01:06:09.716869+00:00,SELL,,,,,,
799,581082439,ETH-USD,3825.09,0.02587992,2024-12-12 01:05:54.837975+00:00,SELL,,,,,,
800,581082365,ETH-USD,3825.03,0.00052398,2024-12-12 01:05:39.736346+00:00,BUY,,,,,,
801,581082302,ETH-USD,3824.97,0.00825,2024-12-12 01:05:24.614792+00:00,SELL,,,,,,
802,581082207,ETH-USD,3824.78,0.85090612,2024-12-12 01:05:09.421021+00:00,BUY,,,,,,
803,581082137,ETH-USD,3824.19,0.02621183,2024-12-12 01:04:54.637377+00:00,SELL,,,,,,
804,581082082,ETH-USD,3824.51,0.01242829,2024-12-12 01:04:39.808987+00:00,SELL,,,,,,
805,581082017,ETH-USD,3823.83,0.00034345,2024-12-12 01:04:24.925461+00:00,SELL,,,,,,
806,581081938,ETH-USD,3823.82,0.0004,2024-12-12 01:04:09.710267+00:00,SELL,,,,,,
807,581081859,ETH-USD,3821.94,0.20109346,2024-12-12 01:03:54.307457+00:00,BUY,,,,,,
808,581081810,ETH-USD,3823.27,0.00007343,2024-12-12 01:03:39.063499+00:00,SELL,,,,,,
809,581081755,ETH-USD,3822.7,0.00000438,2024-12-12 01:03:23.966355+00:00,BUY,,,,,,
810,581081676,ETH-USD,3822.5,0.0035002,2024-12-12 01:03:09.997753+00:00,SELL,,,,,,
811,581081595,ETH-USD,3821.66,0.01772535,2024-12-12 01:02:54.758166+00:00,BUY,,,,,,
812,581081542,ETH-USD,3821.69,0.00202945,2024-12-12 01:02:39.780279+00:00,BUY,,,,,,
813,581081464,ETH-USD,3822.29,0.00031554,2024-12-12 01:02:24.747954+00:00,BUY,,,,,,
814,581081333,ETH-USD,3822.19,0.001,2024-12-12 01:02:09.549391+00:00,BUY,,,,,,
815,581081236,ETH-USD,3822.51,0.00009665,2024-12-12 01:01:54.989145+00:00,SELL,,,,,,
816,581081134,ETH-USD,3820.81,0.00233694,2024-12-12 01:01:39.927830+00:00,SELL,,,,,,
817,581081069,ETH-USD,3819.88,0.00037904,2024-12-12 01:01:24.583635+00:00,SELL,,,,,,
818,581080991,ETH-USD,3817.23,0.00181586,2024-12-12 01:01:08.911143+00:00,SELL,,,,,,
819,581080904,ETH-USD,3816.4,0.00000438,2024-12-12 01:00:54.541129+00:00,BUY,,,,,,
820,581080851,ETH-USD,3817.38,0.00021782,2024-12-12 01:00:39.922734+00:00,BUY,,,,,,
821,581080735,ETH-USD,3819.41,0.005,2024-12-12 01:00:24.430054+00:00,BUY,,,,,,
822,581080664,ETH-USD,3820.62,0.001,2024-12-12 01:00:09.394740+00:00,SELL,,,,,,
823,581080572,ETH-USD,3820.18,0.02609654,2024-12-12 00:59:54.939729+00:00,BUY,,,,,,
824,581080531,ETH-USD,3820.3,0.0027332,2024-12-12 00:59:39.759878+00:00,SELL,,,,,,
825,581080428,ETH-USD,3819.26,0.00021502,2024-12-12 00:59:24.503813+00:00,SELL,,,,,,
826,581080345,ETH-USD,3820.05,0.01296521,2024-12-12 00:59:09.670047+00:00,SELL,,,,,,
827,581080269,ETH-USD,3818.82,0.2,2024-12-12 00:58:54.994889+00:00,SELL,,,,,,
828,581080151,ETH-USD,3819.54,0.00533,2024-12-12 00:58:39.725937+00:00,SELL,,,,,,
829,581080038,ETH-USD,3818.73,0.01,2024-12-12 00:58:24.949824+00:00,BUY,,,,,,
830,581079960,ETH-USD,3817.25,0.25,2024-12-12 00:58:09.272802+00:00,BUY,,,,,,
831,581079870,ETH-USD,3816.53,0.01817122,2024-12-12 00:57:54.874324+00:00,BUY,,,,,,
832,581079797,ETH-USD,3818.07,0.02065671,2024-12-12 00:57:39.805020+00:00,BUY,,,,,,
833,581079713,ETH-USD,3815.94,0.00126996,2024-12-12 00:57:24.836152+00:00,SELL,,,,,,
834,581079602,ETH-USD,3815.29,0.01245866,2024-12-12 00:57:09.704137+00:00,SELL,,,,,,
835,581079530,ETH-USD,3815.01,0.00186639,2024-12-12 00:56:54.962163+00:00,SELL,,,,,,
836,581079409,ETH-USD,3816.22,0.000834,2024-12-12 00:56:39.888453+00:00,BUY,,,,,,
837,581079301,ETH-USD,3816.6,0.02585414,2024-12-12 00:56:24.976933+00:00,BUY,,,,,,
838,581079173,ETH-USD,3817.91,0.00014845,2024-12-12 00:56:09.958596+00:00,SELL,,,,,,
839,581079099,ETH-USD,3817.49,0.00050529,2024-12-12 00:55:54.460886+00:00,BUY,,,,,,
841,581078939,ETH-USD,3817.3,0.00518636,2024-12-12 00:55:24.810669+00:00,SELL,,,,,,
842,581078853,ETH-USD,3819.09,0.12722824,2024-12-12 00:55:09.523427+00:00,SELL,,,,,,
843,581078778,ETH-USD,3818.01,0.00169273,2024-12-12 00:54:54.699734+00:00,SELL,,,,,,
844,581078671,ETH-USD,3819.62,0.02998321,2024-12-12 00:54:39.643470+00:00,BUY,,,,,,
845,581078611,ETH-USD,3820.0,0.03955825,2024-12-12 00:54:24.205550+00:00,SELL,,,,,,
846,581078549,ETH-USD,3822.05,0.02965315,2024-12-12 00:54:09.903591+00:00,SELL,,,,,,
847,581078451,ETH-USD,3823.09,0.04006879,2024-12-12 00:53:54.672438+00:00,SELL,,,,,,
848,581078343,ETH-USD,3821.39,0.01980322,2024-12-12 00:53:39.923955+00:00,SELL,,,,,,
849,581078226,ETH-USD,3817.37,0.00065797,2024-12-12 00:53:24.254596+00:00,BUY,,,,,,
850,581078152,ETH-USD,3814.89,0.005,2024-12-12 00:53:09.387165+00:00,SELL,,,,,,
851,581078072,ETH-USD,3814.61,0.00045367,2024-12-12 00:52:54.843458+00:00,BUY,,,,,,
852,581077977,ETH-USD,3812.81,0.02442,2024-12-12 00:52:39.847785+00:00,BUY,,,,,,
853,581077823,ETH-USD,3811.71,0.39497526,2024-12-12 00:52:24.804655+00:00,SELL,,,,,,
854,581077738,ETH-USD,3811.96,0.00332585,2024-12-12 00:52:09.688277+00:00,BUY,,,,,,
855,581077647,ETH-USD,3810.41,0.00044579,2024-12-12 00:51:54.871597+00:00,BUY,,,,,,
856,581077519,ETH-USD,3810.04,0.10369014,2024-12-12 00:51:39.493226+00:00,SELL,,,,,,
857,581077428,ETH-USD,3813.49,0.04170831,2024-12-12 00:51:24.717752+00:00,BUY,,,,,,
858,581077324,ETH-USD,3813.38,0.00042798,2024-12-12 00:51:09.520506+00:00,SELL,,,,,,
859,581077253,ETH-USD,3811.85,0.00259692,2024-12-12 00:50:53.782001+00:00,SELL,,,,,,
860,581077161,ETH-USD,3812.02,0.00104136,2024-12-12 00:50:39.875967+00:00,SELL,,,,,,
861,581077073,ETH-USD,3813.29,0.0417105,2024-12-12 00:50:23.637166+00:00,BUY,,,,,,
862,581076937,ETH-USD,3810.38,0.0112799,2024-12-12 00:50:09.454217+00:00,BUY,,,,,,
863,581076830,ETH-USD,3810.85,0.00051649,2024-12-12 00:49:54.466288+00:00,BUY,,,,,,
864,581076728,ETH-USD,3811.86,0.00169101,2024-12-12 00:49:39.509377+00:00,SELL,,,,,,
865,581076559,ETH-USD,3814.53,0.20974347,2024-12-12 00:49:24.967294+00:00,BUY,,,,,,
866,581076469,ETH-USD,3817.94,0.11667984,2024-12-12 00:49:09.265935+00:00,SELL,,,,,,
867,581076381,ETH-USD,3817.54,0.027,2024-12-12 00:48:54.467106+00:00,BUY,,,,,,
868,581076247,ETH-USD,3815.33,0.02441634,2024-12-12 00:48:39.640491+00:00,SELL,,,,,,
869,581076111,ETH-USD,3816.51,0.01,2024-12-12 00:48:24.802308+00:00,SELL,,,,,,
870,581075904,ETH-USD,3819.48,0.00707056,2024-12-12 00:48:09.511876+00:00,BUY,,,,,,
871,581075817,ETH-USD,3820.21,0.00558241,2024-12-12 00:47:54.948832+00:00,SELL,,,,,,
872,581075673,ETH-USD,3822.6,0.04160891,2024-12-12 00:47:39.016910+00:00,BUY,,,,,,
873,581075530,ETH-USD,3824.83,0.01093388,2024-12-12 00:47:24.734091+00:00,BUY,,,,,,
874,581075476,ETH-USD,3824.73,0.6,2024-12-12 00:47:09.439605+00:00,BUY,,,,,,
875,581075316,ETH-USD,3821.42,0.00025271,2024-12-12 00:46:54.833564+00:00,BUY,,,,,,
876,581075257,ETH-USD,3822.52,0.26158157,2024-12-12 00:46:39.906807+00:00,BUY,,,,,,
877,581075147,ETH-USD,3821.5,0.005,2024-12-12 00:46:24.981811+00:00,BUY,,,,,,
878,581075048,ETH-USD,3821.41,0.00009158,2024-12-12 00:46:09.852773+00:00,BUY,,,,,,
879,581074910,ETH-USD,3823.43,0.00190531,2024-12-12 00:45:54.298576+00:00,SELL,,,,,,
880,581074842,ETH-USD,3824.58,0.00062571,2024-12-12 00:45:39.652597+00:00,BUY,,,,,,
881,581074745,ETH-USD,3824.45,0.001,2024-12-12 00:45:24.904933+00:00,SELL,,,,,,
882,581074623,ETH-USD,3824.26,0.00000153,2024-12-12 00:45:09.269514+00:00,BUY,,,,,,
883,581074521,ETH-USD,3824.01,0.00335341,2024-12-12 00:44:54.818917+00:00,SELL,,,,,,
884,581074460,ETH-USD,3824.82,0.00517463,2024-12-12 00:44:39.735824+00:00,SELL,,,,,,
885,581074378,ETH-USD,3826.36,0.05558634,2024-12-12 00:44:24.982442+00:00,SELL,,,,,,
886,581074337,ETH-USD,3826.86,0.00031195,2024-12-12 00:44:08.292798+00:00,BUY,,,,,,
887,581074272,ETH-USD,3826.68,0.18268229,2024-12-12 00:43:54.887223+00:00,BUY,,,,,,
888,581074199,ETH-USD,3826.02,0.00009409,2024-12-12 00:43:39.481588+00:00,BUY,,,,,,
889,581074080,ETH-USD,3825.57,0.0047889,2024-12-12 00:43:24.741024+00:00,SELL,,,,,,
890,581073988,ETH-USD,3827.2,0.0271332,2024-12-12 00:43:08.957732+00:00,SELL,,,,,,
891,581073892,ETH-USD,3828.94,0.03781509,2024-12-12 00:42:54.914420+00:00,SELL,,,,,,
892,581073849,ETH-USD,3829.64,0.00739761,2024-12-12 00:42:39.584156+00:00,SELL,,,,,,
894,581073653,ETH-USD,3829.05,0.0072447,2024-12-12 00:42:09.147293+00:00,SELL,,,,,,
895,581073548,ETH-USD,3827.63,0.00233291,2024-12-12 00:41:54.758341+00:00,SELL,,,,,,
896,581073467,ETH-USD,3828.8,0.00176972,2024-12-12 00:41:39.688168+00:00,SELL,,,,,,
897,581073409,ETH-USD,3828.85,0.00044681,2024-12-12 00:41:24.380867+00:00,SELL,,,,,,
898,581073285,ETH-USD,3828.15,0.00077846,2024-12-12 00:41:09.990017+00:00,SELL,,,,,,
899,581073224,ETH-USD,3827.93,0.01324575,2024-12-12 00:40:54.854751+00:00,SELL,,,,,,
900,581073161,ETH-USD,3828.67,0.00841042,2024-12-12 00:40:39.638056+00:00,SELL,,,,,,
901,581073088,ETH-USD,3828.48,0.0266867,2024-12-12 00:40:24.999220+00:00,BUY,,,,,,
902,581072986,ETH-USD,3827.22,0.01,2024-12-12 00:40:09.926121+00:00,BUY,,,,,,
903,581072901,ETH-USD,3827.13,0.00013069,2024-12-12 00:39:53.297393+00:00,SELL,,,,,,
904,581072804,ETH-USD,3825.51,0.04148043,2024-12-12 00:39:39.936813+00:00,BUY,,,,,,
905,581072737,ETH-USD,3826.49,0.05077933,2024-12-12 00:39:23.541751+00:00,SELL,,,,,,
906,581072622,ETH-USD,3826.43,0.02748475,2024-12-12 00:39:09.396144+00:00,SELL,,,,,,
907,581072534,ETH-USD,3828.63,0.02638431,2024-12-12 00:38:54.887291+00:00,SELL,,,,,,
908,581072468,ETH-USD,3827.65,0.03980338,2024-12-12 00:38:38.587441+00:00,SELL,,,,,,
909,581072375,ETH-USD,3829.98,0.01,2024-12-12 00:38:24.806676+00:00,SELL,,,,,,
910,581072269,ETH-USD,3830.85,0.07257973,2024-12-12 00:38:09.651325+00:00,BUY,,,,,,
911,581072198,ETH-USD,3832.68,0.05218962,2024-12-12 00:37:54.663295+00:00,BUY,,,,,,
912,581072109,ETH-USD,3832.32,0.026,2024-12-12 00:37:39.903567+00:00,SELL,,,,,,
913,581071997,ETH-USD,3830.69,0.6,2024-12-12 00:37:24.842127+00:00,SELL,,,,,,
914,581071901,ETH-USD,3830.37,0.01,2024-12-12 00:37:09.489139+00:00,SELL,,,,,,
915,581071817,ETH-USD,3829.28,0.00033278,2024-12-12 00:36:54.066139+00:00,SELL,,,,,,
916,581071754,ETH-USD,3830.44,0.01304503,2024-12-12 00:36:39.656071+00:00,SELL,,,,,,
917,581071651,ETH-USD,3829.28,0.00478608,2024-12-12 00:36:24.869988+00:00,SELL,,,,,,
918,581071565,ETH-USD,3829.16,0.00076853,2024-12-12 00:36:09.936590+00:00,SELL,,,,,,
919,581071479,ETH-USD,3827.93,0.01336569,2024-12-12 00:35:53.808922+00:00,SELL,,,,,,
920,581071438,ETH-USD,3827.84,0.00207479,2024-12-12 00:35:39.341641+00:00,SELL,,,,,,
921,581071390,ETH-USD,3829.55,0.0064658,2024-12-12 00:35:24.891195+00:00,BUY,,,,,,
922,581071298,ETH-USD,3828.03,0.01842893,2024-12-12 00:35:09.026829+00:00,SELL,,,,,,
923,581071240,ETH-USD,3829.79,0.00065357,2024-12-12 00:34:54.561897+00:00,BUY,,,,,,
924,581071180,ETH-USD,3828.74,0.00036491,2024-12-12 00:34:39.669145+00:00,BUY,,,,,,
925,581071136,ETH-USD,3830.47,0.04128007,2024-12-12 00:34:24.890936+00:00,BUY,,,,,,
926,581071072,ETH-USD,3831.4,0.0124076,2024-12-12 00:34:09.846352+00:00,SELL,,,,,,
927,581070966,ETH-USD,3829.35,0.04129101,2024-12-12 00:33:53.462059+00:00,SELL,,,,,,
928,581070934,ETH-USD,3830.89,0.03708637,2024-12-12 00:33:39.323570+00:00,BUY,,,,,,
929,581070764,ETH-USD,3830.19,0.00517154,2024-12-12 00:33:24.378942+00:00,SELL,,,,,,
930,581070704,ETH-USD,3830.17,0.00000402,2024-12-12 00:33:09.952425+00:00,BUY,,,,,,
931,581070576,ETH-USD,3828.65,0.0005732,2024-12-12 00:32:54.908126+00:00,SELL,,,,,,
932,581070493,ETH-USD,3830.19,0.00136455,2024-12-12 00:32:39.565393+00:00,SELL,,,,,,
933,581070413,ETH-USD,3829.15,0.00184531,2024-12-12 00:32:24.463726+00:00,BUY,,,,,,
934,581070332,ETH-USD,3827.85,0.00233037,2024-12-12 00:32:09.777316+00:00,SELL,,,,,,
935,581070247,ETH-USD,3829.99,0.00080885,2024-12-12 00:31:54.738277+00:00,BUY,,,,,,
936,581070130,ETH-USD,3826.68,0.01239523,2024-12-12 00:31:39.656529+00:00,SELL,,,,,,
937,581070025,ETH-USD,3825.6,0.01,2024-12-12 00:31:24.762424+00:00,SELL,,,,,,
938,581069924,ETH-USD,3826.74,0.00043831,2024-12-12 00:31:08.980875+00:00,BUY,,,,,,
939,581069844,ETH-USD,3827.59,0.001,2024-12-12 00:30:54.929951+00:00,SELL,,,,,,
940,581069749,ETH-USD,3824.54,0.04162,2024-12-12 00:30:39.980708+00:00,SELL,,,,,,
941,581069685,ETH-USD,3824.42,0.001,2024-12-12 00:30:24.886112+00:00,BUY,,,,,,
942,581069559,ETH-USD,3823.79,0.01717907,2024-12-12 00:30:08.594863+00:00,SELL,,,,,,
943,581069442,ETH-USD,3820.79,0.01982706,2024-12-12 00:29:54.779311+00:00,SELL,,,,,,
944,581069385,ETH-USD,3821.09,0.00233439,2024-12-12 00:29:39.858397+00:00,SELL,,,,,,
945,581069361,ETH-USD,3821.27,0.00009285,2024-12-12 00:29:23.854887+00:00,SELL,,,,,,
946,581069262,ETH-USD,3820.02,0.69591493,2024-12-12 00:29:09.543668+00:00,SELL,,,,,,
947,581069115,ETH-USD,3823.93,0.02589501,2024-12-12 00:28:54.979394+00:00,SELL,,,,,,
948,581069043,ETH-USD,3822.67,0.54992001,2024-12-12 00:28:39.055476+00:00,BUY,,,,,,
949,581068985,ETH-USD,3824.14,0.001,2024-12-12 00:28:24.911708+00:00,SELL,,,,,,
950,581068873,ETH-USD,3824.7,0.02490589,2024-12-12 00:28:09.807613+00:00,SELL,,,,,,
951,581068771,ETH-USD,3824.66,0.00045513,2024-12-12 00:27:54.812601+00:00,BUY,,,,,,
952,581068656,ETH-USD,3826.22,0.00051988,2024-12-12 00:27:39.516008+00:00,SELL,,,,,,
953,581068577,ETH-USD,3827.28,0.56373925,2024-12-12 00:27:24.930671+00:00,SELL,,,,,,
954,581068475,ETH-USD,3828.43,0.00062214,2024-12-12 00:27:08.871485+00:00,SELL,,,,,,
955,581068414,ETH-USD,3830.98,0.00041966,2024-12-12 00:26:54.976774+00:00,BUY,,,,,,
956,581068351,ETH-USD,3831.17,0.01238003,2024-12-12 00:26:39.371407+00:00,SELL,,,,,,
957,581068273,ETH-USD,3830.29,0.0001115,2024-12-12 00:26:24.196363+00:00,SELL,,,,,,
958,581068203,ETH-USD,3829.1,0.00116479,2024-12-12 00:26:09.495605+00:00,SELL,,,,,,
959,581068116,ETH-USD,3831.72,0.01718178,2024-12-12 00:25:54.368338+00:00,SELL,,,,,,
960,581068011,ETH-USD,3829.22,0.02169761,2024-12-12 00:25:39.895444+00:00,SELL,,,,,,
961,581067957,ETH-USD,3829.32,0.00026111,2024-12-12 00:25:24.396699+00:00,BUY,,,,,,
962,581067879,ETH-USD,3829.94,0.01,2024-12-12 00:25:08.854141+00:00,BUY,,,,,,
963,581067767,ETH-USD,3828.58,0.0018352,2024-12-12 00:24:54.873125+00:00,SELL,,,,,,
964,581067701,ETH-USD,3829.37,0.00680589,2024-12-12 00:24:39.986020+00:00,BUY,,,,,,
965,581067615,ETH-USD,3829.3,0.02785485,2024-12-12 00:24:24.933584+00:00,BUY,,,,,,
966,581067567,ETH-USD,3830.18,1.1907514,2024-12-12 00:24:09.957256+00:00,BUY,,,,,,
967,581067521,ETH-USD,3831.5,0.02476001,2024-12-12 00:23:54.959597+00:00,SELL,,,,,,
968,581067427,ETH-USD,3830.56,0.05072033,2024-12-12 00:23:39.992574+00:00,SELL,,,,,,
969,581067341,ETH-USD,3831.85,0.00607177,2024-12-12 00:23:24.152321+00:00,SELL,,,,,,
970,581067288,ETH-USD,3833.02,0.02719948,2024-12-12 00:23:09.963316+00:00,SELL,,,,,,
971,581067217,ETH-USD,3832.58,0.00072778,2024-12-12 00:22:54.619218+00:00,SELL,,,,,,
972,581067150,ETH-USD,3832.58,0.00103604,2024-12-12 00:22:39.381109+00:00,SELL,,,,,,
973,581067057,ETH-USD,3829.97,0.001,2024-12-12 00:22:23.882153+00:00,BUY,,,,,,
974,581067005,ETH-USD,3831.44,0.00307691,2024-12-12 00:22:09.942122+00:00,SELL,,,,,,
975,581066925,ETH-USD,3830.78,0.00000635,2024-12-12 00:21:54.084693+00:00,SELL,,,,,,
976,581066829,ETH-USD,3832.25,0.00002608,2024-12-12 00:21:39.865930+00:00,SELL,,,,,,
977,581066723,ETH-USD,3835.26,0.00607055,2024-12-12 00:21:24.278728+00:00,SELL,,,,,,
978,581066636,ETH-USD,3835.02,0.14846355,2024-12-12 00:21:09.921701+00:00,BUY,,,,,,
979,581066553,ETH-USD,3837.01,0.0004537,2024-12-12 00:20:54.873832+00:00,SELL,,,,,,
980,581066500,ETH-USD,3837.44,0.00036609,2024-12-12 00:20:39.139916+00:00,BUY,,,,,,
981,581066394,ETH-USD,3838.46,0.00068019,2024-12-12 00:20:24.801062+00:00,BUY,,,,,,
982,581066300,ETH-USD,3839.57,0.00010413,2024-12-12 00:20:09.989344+00:00,SELL,,,,,,
983,581066203,ETH-USD,3838.94,0.08855569,2024-12-12 00:19:54.960023+00:00,SELL,,,,,,
984,581066125,ETH-USD,3839.84,0.03016238,2024-12-12 00:19:39.814637+00:00,SELL,,,,,,
985,581066024,ETH-USD,3837.91,0.00348709,2024-12-12 00:19:24.996526+00:00,SELL,,,,,,
986,581065897,ETH-USD,3837.56,0.01238768,2024-12-12 00:19:09.852248+00:00,SELL,,,,,,
987,581065824,ETH-USD,3837.56,0.04,2024-12-12 00:18:54.489215+00:00,BUY,,,,,,
988,581065748,ETH-USD,3836.51,0.00257974,2024-12-12 00:18:39.981609+00:00,SELL,,,,,,
989,581065707,ETH-USD,3837.6,0.0000869,2024-12-12 00:18:24.639958+00:00,SELL,,,,,,
990,581065616,ETH-USD,3836.12,0.00002866,2024-12-12 00:18:09.882252+00:00,SELL,,,,,,
991,581065525,ETH-USD,3836.19,0.72654374,2024-12-12 00:17:54.566548+00:00,BUY,,,,,,
992,581065449,ETH-USD,3836.48,0.01237103,2024-12-12 00:17:39.824261+00:00,SELL,,,,,,
993,581065377,ETH-USD,3835.03,0.00018482,2024-12-12 00:17:23.124423+00:00,SELL,,,,,,
994,581065289,ETH-USD,3832.04,0.00388642,2024-12-12 00:17:09.761933+00:00,SELL,,,,,,
995,581065140,ETH-USD,3834.6,0.00581734,2024-12-12 00:16:54.587102+00:00,SELL,,,,,,
996,581065036,ETH-USD,3831.02,0.012,2024-12-12 00:16:38.839721+00:00,SELL,,,,,,
997,581064933,ETH-USD,3830.32,0.00444396,2024-12-12 00:16:24.799101+00:00,SELL,,,,,,
998,581064820,ETH-USD,3828.41,0.00012015,2024-12-12 00:16:09.944915+00:00,BUY,,,,,,
999,581064742,ETH-USD,3830.84,0.00176973,2024-12-12 00:15:54.731750+00:00,SELL,,,,,,
1000,581064666,ETH-USD,3829.27,0.04550403,2024-12-12 00:15:39.518820+00:00,BUY,,,,,,
1001,581064579,ETH-USD,3831.36,0.00898536,2024-12-12 00:15:24.704358+00:00,SELL,,,,,,
1002,581064512,ETH-USD,3831.29,0.46098569,2024-12-12 00:15:09.998605+00:00,BUY,,,,,,
1003,581064414,ETH-USD,3832.74,0.13179254,2024-12-12 00:14:54.685490+00:00,BUY,,,,,,
1004,581064300,ETH-USD,3830.63,1.29382776,2024-12-12 00:14:39.435382+00:00,SELL,,,,,,
1005,581064139,ETH-USD,3828.62,0.02635815,2024-12-12 00:14:24.788348+00:00,SELL,,,,,,
1006,581064078,ETH-USD,3829.87,0.04954266,2024-12-12 00:14:09.644130+00:00,SELL,,,,,,
1007,581063965,ETH-USD,3828.9,0.01810499,2024-12-12 00:13:54.561204+00:00,BUY,,,,,,
1008,581063890,ETH-USD,3828.3,0.00041198,2024-12-12 00:13:39.308406+00:00,BUY,,,,,,
1009,581063806,ETH-USD,3830.15,0.08784448,2024-12-12 00:13:24.731991+00:00,BUY,,,,,,
1010,581063726,ETH-USD,3830.91,0.00386442,2024-12-12 00:13:09.758216+00:00,BUY,,,,,,
1011,581063633,ETH-USD,3830.5,0.00654991,2024-12-12 00:12:54.120225+00:00,SELL,,,,,,
1012,581063557,ETH-USD,3830.46,0.01473487,2024-12-12 00:12:39.676932+00:00,SELL,,,,,,
1013,581063490,ETH-USD,3830.45,0.01294494,2024-12-12 00:12:24.918344+00:00,SELL,,,,,,
1014,581063376,ETH-USD,3827.6,0.04645917,2024-12-12 00:12:09.950258+00:00,SELL,,,,,,
1015,581063238,ETH-USD,3827.91,0.01342927,2024-12-12 00:11:54.829256+00:00,SELL,,,,,,
1016,581063130,ETH-USD,3826.96,0.00608181,2024-12-12 00:11:38.942270+00:00,SELL,,,,,,
1017,581063037,ETH-USD,3827.77,0.000653,2024-12-12 00:11:24.488818+00:00,BUY,,,,,,
1018,581062961,ETH-USD,3826.69,0.06360377,2024-12-12 00:11:09.796022+00:00,BUY,,,,,,
1019,581062820,ETH-USD,3826.78,0.2,2024-12-12 00:10:54.714122+00:00,BUY,,,,,,
1020,581062723,ETH-USD,3829.4,0.00000261,2024-12-12 00:10:39.919564+00:00,SELL,,,,,,
1021,581062606,ETH-USD,3829.96,0.09180743,2024-12-12 00:10:24.343575+00:00,BUY,,,,,,
1022,581062528,ETH-USD,3831.74,0.00021832,2024-12-12 00:10:09.756147+00:00,BUY,,,,,,
1023,581062442,ETH-USD,3832.32,0.001,2024-12-12 00:09:54.578497+00:00,BUY,,,,,,
1024,581062356,ETH-USD,3834.1,0.51625015,2024-12-12 00:09:39.038311+00:00,SELL,,,,,,
1025,581062263,ETH-USD,3834.49,0.00610368,2024-12-12 00:09:24.882007+00:00,BUY,,,,,,
1026,581062134,ETH-USD,3834.75,0.01,2024-12-12 00:09:09.982974+00:00,BUY,,,,,,
1027,581062030,ETH-USD,3832.71,0.00001043,2024-12-12 00:08:54.785559+00:00,SELL,,,,,,
1028,581061933,ETH-USD,3832.2,0.04639993,2024-12-12 00:08:39.712949+00:00,BUY,,,,,,
1029,581061840,ETH-USD,3832.21,0.02722417,2024-12-12 00:08:24.826714+00:00,SELL,,,,,,
1030,581061736,ETH-USD,3832.74,0.00103552,2024-12-12 00:08:09.982410+00:00,SELL,,,,,,
1031,581061658,ETH-USD,3833.72,0.00099183,2024-12-12 00:07:54.105146+00:00,SELL,,,,,,
1032,581061571,ETH-USD,3831.55,0.00236425,2024-12-12 00:07:39.870897+00:00,BUY,,,,,,
1033,581061502,ETH-USD,3830.41,0.00043581,2024-12-12 00:07:24.910892+00:00,BUY,,,,,,
1034,581061393,ETH-USD,3831.56,0.00982366,2024-12-12 00:07:09.689387+00:00,SELL,,,,,,
1035,581061299,ETH-USD,3832.25,0.00392664,2024-12-12 00:06:54.223156+00:00,SELL,,,,,,
1036,581061208,ETH-USD,3833.18,0.0000558,2024-12-12 00:06:39.570590+00:00,BUY,,,,,,
1037,581061122,ETH-USD,3832.52,0.0122838,2024-12-12 00:06:24.711423+00:00,BUY,,,,,,
1038,581061044,ETH-USD,3830.97,0.00507096,2024-12-12 00:06:09.834394+00:00,SELL,,,,,,
1039,581060878,ETH-USD,3829.89,0.00000783,2024-12-12 00:05:54.503357+00:00,BUY,,,,,,
1040,581060790,ETH-USD,3827.52,0.07438594,2024-12-12 00:05:39.989374+00:00,SELL,,,,,,
1041,581060624,ETH-USD,3825.36,0.01125298,2024-12-12 00:05:24.789610+00:00,SELL,,,,,,
1042,581060542,ETH-USD,3825.01,0.00008691,2024-12-12 00:05:09.984026+00:00,SELL,,,,,,
1043,581060421,ETH-USD,3827.08,0.00517366,2024-12-12 00:04:54.844677+00:00,SELL,,,,,,
1044,581060325,ETH-USD,3826.94,0.00258552,2024-12-12 00:04:39.572901+00:00,SELL,,,,,,
1045,581060246,ETH-USD,3827.99,0.005,2024-12-12 00:04:23.771760+00:00,BUY,,,,,,
1046,581060173,ETH-USD,3828.53,0.03488849,2024-12-12 00:04:09.892036+00:00,SELL,,,,,,
1047,581060105,ETH-USD,3828.5,0.00187469,2024-12-12 00:03:54.873262+00:00,SELL,,,,,,
1048,581059986,ETH-USD,3826.75,0.03692263,2024-12-12 00:03:39.712644+00:00,BUY,,,,,,
1049,581059833,ETH-USD,3829.91,2.31458165,2024-12-12 00:03:23.981698+00:00,BUY,,,,,,
1050,581059772,ETH-USD,3829.07,0.00045258,2024-12-12 00:03:09.445763+00:00,BUY,,,,,,
1051,581059644,ETH-USD,3829.03,0.03862971,2024-12-12 00:02:54.953403+00:00,SELL,,,,,,
1052,581059561,ETH-USD,3831.71,0.001,2024-12-12 00:02:39.869043+00:00,BUY,,,,,,
1053,581059484,ETH-USD,3833.34,2.01851258,2024-12-12 00:02:24.594156+00:00,BUY,,,,,,
1054,581059384,ETH-USD,3835.34,0.02733924,2024-12-12 00:02:09.656675+00:00,BUY,,,,,,
1055,581059275,ETH-USD,3835.26,0.02581049,2024-12-12 00:01:54.564606+00:00,SELL,,,,,,
1056,581059192,ETH-USD,3835.92,0.00154,2024-12-12 00:01:39.914010+00:00,SELL,,,,,,
1057,581059059,ETH-USD,3835.91,0.06244681,2024-12-12 00:01:24.931890+00:00,BUY,,,,,,
1058,581059010,ETH-USD,3835.13,0.00061603,2024-12-12 00:01:09.559450+00:00,BUY,,,,,,
1059,581058931,ETH-USD,3835.6,0.00887087,2024-12-12 00:00:54.340079+00:00,SELL,,,,,,
1060,581058833,ETH-USD,3836.05,0.00943263,2024-12-12 00:00:39.756778+00:00,BUY,,,,,,
1061,581058689,ETH-USD,3834.98,0.00049,2024-12-12 00:00:24.831224+00:00,BUY,,,,,,
1063,581058556,ETH-USD,3834.92,0.00001604,2024-12-11 23:59:53.940940+00:00,SELL,,,,,,
1064,581058491,ETH-USD,3834.31,0.00788424,2024-12-11 23:59:39.435249+00:00,SELL,,,,,,
1065,581058434,ETH-USD,3834.18,0.00295903,2024-12-11 23:59:24.942028+00:00,SELL,,,,,,
1066,581058333,ETH-USD,3834.53,0.00580503,2024-12-11 23:59:09.351511+00:00,SELL,,,,,,
1067,581058290,ETH-USD,3834.78,0.00348858,2024-12-11 23:58:54.807146+00:00,SELL,,,,,,
1068,581058176,ETH-USD,3833.48,0.0026,2024-12-11 23:58:38.283294+00:00,SELL,,,,,,
1069,581058115,ETH-USD,3833.65,0.00861175,2024-12-11 23:58:24.109135+00:00,SELL,,,,,,
1070,581058040,ETH-USD,3833.89,0.01639751,2024-12-11 23:58:09.450734+00:00,SELL,,,,,,
1071,581057895,ETH-USD,3832.8,0.01240128,2024-12-11 23:57:54.961764+00:00,SELL,,,,,,
1072,581057859,ETH-USD,3832.54,0.00045561,2024-12-11 23:57:39.386240+00:00,BUY,,,,,,
1073,581057809,ETH-USD,3832.68,0.00088857,2024-12-11 23:57:24.939207+00:00,SELL,,,,,,
1074,581057780,ETH-USD,3832.69,0.00142224,2024-12-11 23:57:09.765126+00:00,SELL,,,,,,
1075,581057685,ETH-USD,3833.41,0.00264731,2024-12-11 23:56:54.080921+00:00,BUY,,,,,,
1076,581057621,ETH-USD,3834.09,0.0008705,2024-12-11 23:56:39.958932+00:00,SELL,,,,,,
1077,581057560,ETH-USD,3833.92,0.01331974,2024-12-11 23:56:24.698400+00:00,BUY,,,,,,
1078,581057527,ETH-USD,3833.83,0.01088683,2024-12-11 23:56:09.563932+00:00,SELL,,,,,,
1079,581057488,ETH-USD,3833.8,0.00044145,2024-12-11 23:55:54.505496+00:00,BUY,,,,,,
1080,581057424,ETH-USD,3833.98,0.18080022,2024-12-11 23:55:39.627400+00:00,SELL,,,,,,
1082,581057190,ETH-USD,3831.46,0.19115298,2024-12-11 23:55:09.670796+00:00,SELL,,,,,,
1083,581057123,ETH-USD,3831.2,0.0045,2024-12-11 23:54:54.884824+00:00,SELL,,,,,,
1084,581057080,ETH-USD,3830.83,0.00001068,2024-12-11 23:54:39.828927+00:00,SELL,,,,,,
1085,581057015,ETH-USD,3831.3,0.0372,2024-12-11 23:54:24.512591+00:00,SELL,,,,,,
1086,581056941,ETH-USD,3830.37,0.0037,2024-12-11 23:54:09.985049+00:00,SELL,,,,,,
1087,581056842,ETH-USD,3831.04,0.00021839,2024-12-11 23:53:53.327669+00:00,BUY,,,,,,
1088,581056756,ETH-USD,3829.95,0.00060631,2024-12-11 23:53:39.577012+00:00,BUY,,,,,,
1090,581056640,ETH-USD,3830.32,0.00045544,2024-12-11 23:53:09.929557+00:00,BUY,,,,,,
1091,581056534,ETH-USD,3830.5,1.48977167,2024-12-11 23:52:54.342535+00:00,BUY,,,,,,
1092,581056379,ETH-USD,3829.35,0.00046543,2024-12-11 23:52:38.329348+00:00,SELL,,,,,,
1093,581056276,ETH-USD,3827.48,3.07181041,2024-12-11 23:52:23.385713+00:00,BUY,,,,,,
1094,581056215,ETH-USD,3828.03,0.00273479,2024-12-11 23:52:09.993374+00:00,SELL,,,,,,
1095,581056127,ETH-USD,3827.66,0.00161854,2024-12-11 23:51:54.951702+00:00,BUY,,,,,,
1096,581056059,ETH-USD,3828.22,0.02169249,2024-12-11 23:51:39.976259+00:00,SELL,,,,,,
1097,581055994,ETH-USD,3828.95,0.88778165,2024-12-11 23:51:24.956795+00:00,BUY,,,,,,
1098,581055871,ETH-USD,3829.95,0.3909993,2024-12-11 23:51:09.711484+00:00,SELL,,,,,,
1099,581055779,ETH-USD,3829.66,5.14123524,2024-12-11 23:50:54.278437+00:00,BUY,,,,,,
1100,581055671,ETH-USD,3831.33,0.01515728,2024-12-11 23:50:39.459710+00:00,BUY,,,,,,
1101,581055589,ETH-USD,3831.61,0.0045589,2024-12-11 23:50:24.749079+00:00,SELL,,,,,,
1102,581055525,ETH-USD,3831.66,0.02583737,2024-12-11 23:50:09.972351+00:00,SELL,,,,,,
1103,581055486,ETH-USD,3832.19,0.04036957,2024-12-11 23:49:54.907407+00:00,SELL,,,,,,
1104,581055365,ETH-USD,3831.81,0.03417633,2024-12-11 23:49:39.956880+00:00,SELL,,,,,,
1105,581055334,ETH-USD,3831.8,0.00420694,2024-12-11 23:49:24.900752+00:00,BUY,,,,,,
1106,581055255,ETH-USD,3830.72,0.00002609,2024-12-11 23:49:09.275114+00:00,SELL,,,,,,
1107,581055115,ETH-USD,3830.5,0.00337235,2024-12-11 23:48:54.920832+00:00,SELL,,,,,,
1108,581055064,ETH-USD,3830.89,1.95239565,2024-12-11 23:48:38.623649+00:00,BUY,,,,,,
1109,581055032,ETH-USD,3831.0,0.00192031,2024-12-11 23:48:24.787365+00:00,BUY,,,,,,
1110,581054966,ETH-USD,3831.69,0.00030564,2024-12-11 23:48:09.786397+00:00,BUY,,,,,,
1111,581054933,ETH-USD,3831.63,0.01583111,2024-12-11 23:47:54.932276+00:00,SELL,,,,,,
1113,581054756,ETH-USD,3831.1,0.00134111,2024-12-11 23:47:24.083379+00:00,SELL,,,,,,
1114,581054656,ETH-USD,3831.31,0.02099101,2024-12-11 23:47:09.766393+00:00,SELL,,,,,,
1115,581054567,ETH-USD,3832.98,0.25816402,2024-12-11 23:46:54.988793+00:00,SELL,,,,,,
1117,581054454,ETH-USD,3834.45,0.01586004,2024-12-11 23:46:24.799698+00:00,SELL,,,,,,
1118,581054264,ETH-USD,3832.68,0.04705948,2024-12-11 23:46:09.665143+00:00,BUY,,,,,,
1119,581054209,ETH-USD,3833.36,0.00557668,2024-12-11 23:45:54.574499+00:00,BUY,,,,,,
1120,581054151,ETH-USD,3833.66,0.00021277,2024-12-11 23:45:39.854838+00:00,SELL,,,,,,
1121,581054076,ETH-USD,3832.7,0.01368864,2024-12-11 23:45:24.662484+00:00,SELL,,,,,,
1122,581054007,ETH-USD,3832.63,0.01275801,2024-12-11 23:45:09.887201+00:00,SELL,,,,,,
1123,581053907,ETH-USD,3832.84,2.56484404,2024-12-11 23:44:54.377615+00:00,BUY,,,,,,
1124,581053817,ETH-USD,3835.0,0.01877337,2024-12-11 23:44:39.764512+00:00,BUY,,,,,,
1125,581053730,ETH-USD,3836.02,0.00078199,2024-12-11 23:44:24.737621+00:00,BUY,,,,,,
1126,581053686,ETH-USD,3836.45,0.0001303,2024-12-11 23:44:09.599981+00:00,SELL,,,,,,
1127,581053610,ETH-USD,3837.18,0.05063091,2024-12-11 23:43:54.850785+00:00,SELL,,,,,,
1128,581053544,ETH-USD,3837.18,0.01038575,2024-12-11 23:43:39.762942+00:00,SELL,,,,,,
1129,581053479,ETH-USD,3838.06,0.00260548,2024-12-11 23:43:24.369789+00:00,BUY,,,,,,
1130,581053419,ETH-USD,3838.13,0.00001302,2024-12-11 23:43:09.436944+00:00,SELL,,,,,,
1131,581053316,ETH-USD,3837.85,0.00726708,2024-12-11 23:42:54.438316+00:00,BUY,,,,,,
1132,581053246,ETH-USD,3837.09,0.01909545,2024-12-11 23:42:39.937211+00:00,SELL,,,,,,
1134,581053174,ETH-USD,3837.37,0.64109521,2024-12-11 23:42:09.709151+00:00,BUY,,,,,,
1135,2024-12-11T23:41:53.738Z-ETH/USD-3840.936-0.01,ETH-USD,3840.936,0.01,2024-12-11 23:41:53.738000+00:00,UNKNOWN_ORDER_SIDE,,,,,,
1136,581052946,ETH-USD,3836.68,0.00037116,2024-12-11 23:41:39.830446+00:00,SELL,,,,,,
1137,581052897,ETH-USD,3836.4,0.00034229,2024-12-11 23:41:24.728025+00:00,SELL,,,,,,
1138,581052845,ETH-USD,3837.6,0.00112873,2024-12-11 23:41:09.088531+00:00,BUY,,,,,,
1139,581052750,ETH-USD,3837.14,1.76474937,2024-12-11 23:40:54.713862+00:00,BUY,,,,,,
1140,581052690,ETH-USD,3837.14,0.04395326,2024-12-11 23:40:39.927595+00:00,BUY,,,,,,
1141,581052568,ETH-USD,3835.95,0.00521257,2024-12-11 23:40:24.710210+00:00,BUY,,,,,,
1142,581052485,ETH-USD,3836.77,0.00087662,2024-12-11 23:40:09.967975+00:00,BUY,,,,,,
1143,581052380,ETH-USD,3835.96,0.09047739,2024-12-11 23:39:54.620312+00:00,SELL,,,,,,
1144,581052332,ETH-USD,3836.74,0.00536858,2024-12-11 23:39:39.992484+00:00,BUY,,,,,,
1145,581052268,ETH-USD,3836.79,0.00066279,2024-12-11 23:39:24.891338+00:00,BUY,,,,,,
1146,581052177,ETH-USD,3837.11,0.00033536,2024-12-11 23:39:09.803578+00:00,SELL,,,,,,
1147,581052100,ETH-USD,3836.28,0.01001163,2024-12-11 23:38:54.557549+00:00,SELL,,,,,,
1148,581052034,ETH-USD,3836.72,0.00561152,2024-12-11 23:38:39.647659+00:00,SELL,,,,,,
1149,581051947,ETH-USD,3836.42,0.00259401,2024-12-11 23:38:24.759058+00:00,BUY,,,,,,
1150,581051869,ETH-USD,3835.22,0.00645365,2024-12-11 23:38:09.551789+00:00,SELL,,,,,,
1151,581051749,ETH-USD,3835.54,0.00191246,2024-12-11 23:37:54.777117+00:00,SELL,,,,,,
1152,581051579,ETH-USD,3837.11,1.55919351,2024-12-11 23:37:39.570467+00:00,BUY,,,,,,
1153,581051456,ETH-USD,3835.98,0.49434749,2024-12-11 23:37:24.896037+00:00,BUY,,,,,,
1154,581051319,ETH-USD,3837.85,0.00351855,2024-12-11 23:37:09.861088+00:00,SELL,,,,,,
1155,581051233,ETH-USD,3838.74,0.66048536,2024-12-11 23:36:54.908026+00:00,BUY,,,,,,
1156,581051056,ETH-USD,3839.87,0.0025707,2024-12-11 23:36:39.977066+00:00,SELL,,,,,,
1157,581050926,ETH-USD,3840.57,0.00939491,2024-12-11 23:36:24.674950+00:00,BUY,,,,,,
1158,581050823,ETH-USD,3839.15,0.11047087,2024-12-11 23:36:09.836410+00:00,BUY,,,,,,
1159,581050703,ETH-USD,3840.14,0.00478963,2024-12-11 23:35:54.868622+00:00,SELL,,,,,,
1160,581050634,ETH-USD,3840.56,0.00477266,2024-12-11 23:35:39.951912+00:00,SELL,,,,,,
1161,581050538,ETH-USD,3839.56,0.13528916,2024-12-11 23:35:24.857046+00:00,SELL,,,,,,
1162,581050407,ETH-USD,3840.46,0.02609287,2024-12-11 23:35:08.665349+00:00,SELL,,,,,,
1163,581050258,ETH-USD,3841.81,2.88335827,2024-12-11 23:34:54.993172+00:00,BUY,,,,,,
1164,581050149,ETH-USD,3843.52,0.01320925,2024-12-11 23:34:39.405362+00:00,SELL,,,,,,
1165,2024-12-11T23:34:24.53Z-ETH/USD-3845.395-0.01,ETH-USD,3845.395,0.01,2024-12-11 23:34:24.530000+00:00,UNKNOWN_ORDER_SIDE,,,,,,
1166,581049911,ETH-USD,3842.34,0.00008848,2024-12-11 23:34:09.081048+00:00,BUY,,,,,,
1167,581049807,ETH-USD,3841.11,0.00020701,2024-12-11 23:33:54.918516+00:00,SELL,,,,,,
1168,581049718,ETH-USD,3841.95,0.00045836,2024-12-11 23:33:39.959360+00:00,SELL,,,,,,
1169,581049661,ETH-USD,3841.75,0.02891114,2024-12-11 23:33:23.492162+00:00,BUY,,,,,,
1170,581049577,ETH-USD,3842.82,0.33515278,2024-12-11 23:33:09.911972+00:00,SELL,,,,,,
1171,581049462,ETH-USD,3843.5,0.052727,2024-12-11 23:32:54.882167+00:00,BUY,,,,,,
1172,581049273,ETH-USD,3843.22,0.01311621,2024-12-11 23:32:39.777278+00:00,SELL,,,,,,
1173,581049176,ETH-USD,3843.32,0.00010667,2024-12-11 23:32:24.553310+00:00,BUY,,,,,,
1174,581049065,ETH-USD,3843.27,0.00065372,2024-12-11 23:32:09.734387+00:00,BUY,,,,,,
1175,581048973,ETH-USD,3843.08,0.00422826,2024-12-11 23:31:54.834369+00:00,SELL,,,,,,
1176,581048819,ETH-USD,3843.4,0.01236806,2024-12-11 23:31:39.958126+00:00,SELL,,,,,,
1177,581048703,ETH-USD,3841.47,0.00505689,2024-12-11 23:31:24.923841+00:00,SELL,,,,,,
1178,581048599,ETH-USD,3842.3,0.01228992,2024-12-11 23:31:09.477217+00:00,SELL,,,,,,
1179,581048510,ETH-USD,3844.24,0.0322723,2024-12-11 23:30:54.935514+00:00,BUY,,,,,,
1180,581048355,ETH-USD,3845.71,0.00026007,2024-12-11 23:30:39.685598+00:00,SELL,,,,,,
1181,581048237,ETH-USD,3845.05,0.00006309,2024-12-11 23:30:24.626295+00:00,SELL,,,,,,
1182,581048063,ETH-USD,3844.55,0.6,2024-12-11 23:30:09.571451+00:00,BUY,,,,,,
1183,581047977,ETH-USD,3843.72,2.12727569,2024-12-11 23:29:54.874399+00:00,BUY,,,,,,
1184,581047877,ETH-USD,3843.05,0.0000052,2024-12-11 23:29:39.921761+00:00,SELL,,,,,,
1185,581047792,ETH-USD,3842.43,1.18206201,2024-12-11 23:29:24.491734+00:00,SELL,,,,,,
1186,581047731,ETH-USD,3842.26,0.00014054,2024-12-11 23:29:08.832535+00:00,BUY,,,,,,
1187,581047626,ETH-USD,3842.05,0.00040293,2024-12-11 23:28:54.966296+00:00,BUY,,,,,,
1188,581047490,ETH-USD,3842.17,0.00042051,2024-12-11 23:28:39.251723+00:00,SELL,,,,,,
1189,581047420,ETH-USD,3842.44,0.00174146,2024-12-11 23:28:24.983829+00:00,BUY,,,,,,
1190,581047333,ETH-USD,3841.06,1.992696,2024-12-11 23:28:09.473873+00:00,BUY,,,,,,
1191,581047228,ETH-USD,3841.14,0.00444906,2024-12-11 23:27:54.887908+00:00,SELL,,,,,,
1192,581047143,ETH-USD,3840.28,0.06116638,2024-12-11 23:27:39.988203+00:00,SELL,,,,,,
1193,2024-12-11T23:27:24.871Z-ETH/USD-3844.584-0.18,ETH-USD,3844.584,0.18,2024-12-11 23:27:24.871000+00:00,UNKNOWN_ORDER_SIDE,,,,,,
1194,581046926,ETH-USD,3842.36,0.00650715,2024-12-11 23:27:09.844089+00:00,BUY,,,,,,
1195,581046832,ETH-USD,3841.3,0.0000869,2024-12-11 23:26:54.990228+00:00,SELL,,,,,,
1196,581046751,ETH-USD,3840.65,0.20659793,2024-12-11 23:26:39.917241+00:00,SELL,,,,,,
1197,581046658,ETH-USD,3839.81,0.15,2024-12-11 23:26:24.588187+00:00,BUY,,,,,,
1198,581046575,ETH-USD,3838.17,0.00028771,2024-12-11 23:26:08.771468+00:00,BUY,,,,,,
1199,581046494,ETH-USD,3836.88,1.30314213,2024-12-11 23:25:54.888757+00:00,SELL,,,,,,
1200,581046441,ETH-USD,3836.39,0.000063,2024-12-11 23:25:39.734474+00:00,BUY,,,,,,
1201,581046377,ETH-USD,3837.08,1.73687297,2024-12-11 23:25:24.794004+00:00,BUY,,,,,,
1202,581046294,ETH-USD,3837.09,0.00313522,2024-12-11 23:25:09.690303+00:00,SELL,,,,,,
1203,581046199,ETH-USD,3838.71,1.50420379,2024-12-11 23:24:54.872707+00:00,BUY,,,,,,
1204,581046084,ETH-USD,3836.66,1.42185541,2024-12-11 23:24:39.927905+00:00,BUY,,,,,,
1205,2024-12-11T23:24:24.548Z-ETH/USD-3840.68-0.69,ETH-USD,3840.68,0.69,2024-12-11 23:24:24.548000+00:00,UNKNOWN_ORDER_SIDE,,,,,,
1206,581045953,ETH-USD,3837.37,1.30297623,2024-12-11 23:24:09.412703+00:00,SELL,,,,,,
1207,581045853,ETH-USD,3838.62,0.12893427,2024-12-11 23:23:54.364628+00:00,SELL,,,,,,
1208,581045731,ETH-USD,3838.83,0.07,2024-12-11 23:23:39.317056+00:00,BUY,,,,,,
1209,2024-12-11T23:23:24.929Z-ETH/USD-3841.28-0.04,ETH-USD,3841.28,0.04,2024-12-11 23:23:24.929000+00:00,UNKNOWN_ORDER_SIDE,,,,,,
