,trade_id,product_id,price,size,time,side,exchange,bid,ask,trades,best_bid,best_ask
0,581156882,ETH-USD,3940.75,1.0109108,2024-12-12 03:51:55.653508+00:00,BUY,,,,,,
1,581156408,ETH-USD,3940.49,0.08289,2024-12-12 03:51:40.969747+00:00,SELL,,,,,,
2,581156040,ETH-USD,3946.0,1.63853986,2024-12-12 03:51:25.790657+00:00,BUY,,,,,,
3,581155828,ETH-USD,3948.16,0.01441992,2024-12-12 03:51:10.997689+00:00,SELL,,,,,,
4,581155506,ETH-USD,3945.35,0.0142,2024-12-12 03:50:55.605769+00:00,SELL,,,,,,
5,581155296,ETH-USD,3944.72,1.77676384,2024-12-12 03:50:40.645355+00:00,BUY,,,,,,
6,581155133,ETH-USD,3941.5,0.03820991,2024-12-12 03:50:25.786806+00:00,SELL,,,,,,
7,581154908,ETH-USD,3941.24,0.01657617,2024-12-12 03:50:10.384037+00:00,BUY,,,,,,
8,581154614,ETH-USD,3944.53,0.001,2024-12-12 03:49:55.981847+00:00,SELL,,,,,,
9,581154378,ETH-USD,3943.65,1.92841509,2024-12-12 03:49:40.920150+00:00,BUY,,,,,,
10,581154134,ETH-USD,3938.83,0.001,2024-12-12 03:49:25.404888+00:00,SELL,,,,,,
11,581153837,ETH-USD,3941.73,0.01657411,2024-12-12 03:49:10.850062+00:00,BUY,,,,,,
12,581153688,ETH-USD,3944.7,2.99373182,2024-12-12 03:48:55.860029+00:00,BUY,,,,,,
13,581153486,ETH-USD,3941.28,1.2344,2024-12-12 03:48:40.937552+00:00,SELL,,,,,,
14,581153269,ETH-USD,3942.79,0.01,2024-12-12 03:48:25.976417+00:00,BUY,,,,,,
15,581153059,ETH-USD,3943.93,0.14453592,2024-12-12 03:48:10.826946+00:00,SELL,,,,,,
16,581152855,ETH-USD,3937.31,0.00439519,2024-12-12 03:47:55.765223+00:00,SELL,,,,,,
17,581152646,ETH-USD,3936.55,0.00063925,2024-12-12 03:47:40.826341+00:00,BUY,,,,,,
18,581152455,ETH-USD,3937.73,0.00150791,2024-12-12 03:47:25.317423+00:00,SELL,,,,,,
19,581152290,ETH-USD,3936.86,0.00250861,2024-12-12 03:47:10.942544+00:00,SELL,,,,,,
20,581152065,ETH-USD,3938.24,0.008191,2024-12-12 03:46:55.826859+00:00,SELL,,,,,,
21,581151866,ETH-USD,3936.59,0.00002031,2024-12-12 03:46:40.539577+00:00,SELL,,,,,,
22,581151678,ETH-USD,3935.75,0.00450967,2024-12-12 03:46:25.974235+00:00,SELL,,,,,,
23,581151509,ETH-USD,3932.95,0.03275,2024-12-12 03:46:10.987071+00:00,BUY,,,,,,
24,581151201,ETH-USD,3933.16,0.01669,2024-12-12 03:45:55.990270+00:00,SELL,,,,,,
25,581150878,ETH-USD,3933.42,0.01,2024-12-12 03:45:40.817143+00:00,BUY,,,,,,
26,581150372,ETH-USD,3928.24,0.0003021,2024-12-12 03:45:25.203744+00:00,SELL,,,,,,
27,581150181,ETH-USD,3923.45,0.24679832,2024-12-12 03:45:10.743878+00:00,BUY,,,,,,
28,581150049,ETH-USD,3922.09,1.27483051,2024-12-12 03:44:55.997808+00:00,SELL,,,,,,
29,581149861,ETH-USD,3918.59,0.00062685,2024-12-12 03:44:40.619163+00:00,SELL,,,,,,
30,581149731,ETH-USD,3921.73,0.00070408,2024-12-12 03:44:25.471546+00:00,BUY,,,,,,
31,581149546,ETH-USD,3922.75,0.74061,2024-12-12 03:44:10.638142+00:00,SELL,,,,,,
32,581149434,ETH-USD,3925.42,0.01,2024-12-12 03:43:55.908429+00:00,BUY,,,,,,
33,581149112,ETH-USD,3928.59,0.00022899,2024-12-12 03:43:40.959962+00:00,SELL,,,,,,
34,581148873,ETH-USD,3927.99,0.03041,2024-12-12 03:43:25.910042+00:00,SELL,,,,,,
35,581148625,ETH-USD,3923.25,1.27445357,2024-12-12 03:43:10.903259+00:00,SELL,,,,,,
36,581148476,ETH-USD,3924.73,0.00922783,2024-12-12 03:42:55.735964+00:00,SELL,,,,,,
37,581148343,ETH-USD,3924.92,0.00001018,2024-12-12 03:42:40.592225+00:00,SELL,,,,,,
38,581148110,ETH-USD,3923.52,0.00388266,2024-12-12 03:42:25.885976+00:00,BUY,,,,,,
39,581147923,ETH-USD,3917.17,0.00008935,2024-12-12 03:42:10.802543+00:00,BUY,,,,,,
40,581147807,ETH-USD,3919.48,1.05255,2024-12-12 03:41:55.795957+00:00,BUY,,,,,,
41,581147620,ETH-USD,3914.41,0.001,2024-12-12 03:41:40.638651+00:00,SELL,,,,,,
42,581147414,ETH-USD,3914.02,0.01,2024-12-12 03:41:25.997632+00:00,BUY,,,,,,
43,581147158,ETH-USD,3915.24,0.02041125,2024-12-12 03:41:10.566097+00:00,BUY,,,,,,
44,581146942,ETH-USD,3915.85,0.00008682,2024-12-12 03:40:55.620312+00:00,BUY,,,,,,
45,581146825,ETH-USD,3916.96,0.00008935,2024-12-12 03:40:40.474785+00:00,BUY,,,,,,
46,581146681,ETH-USD,3919.62,0.17673,2024-12-12 03:40:25.275219+00:00,SELL,,,,,,
47,581146596,ETH-USD,3923.18,0.00000958,2024-12-12 03:40:10.955162+00:00,SELL,,,,,,
48,581146369,ETH-USD,3921.4,0.00025797,2024-12-12 03:39:54.957828+00:00,SELL,,,,,,
49,581146257,ETH-USD,3921.41,0.00593457,2024-12-12 03:39:40.938618+00:00,SELL,,,,,,
50,581146151,ETH-USD,3920.27,0.00037057,2024-12-12 03:39:25.697273+00:00,SELL,,,,,,
51,581145994,ETH-USD,3918.74,0.01,2024-12-12 03:39:10.597865+00:00,BUY,,,,,,
52,581145832,ETH-USD,3915.37,0.00068478,2024-12-12 03:38:54.564656+00:00,SELL,,,,,,
53,581145726,ETH-USD,3916.63,0.5,2024-12-12 03:38:40.495826+00:00,BUY,,,,,,
54,581145591,ETH-USD,3911.95,0.02109986,2024-12-12 03:38:25.754930+00:00,SELL,,,,,,
55,581145518,ETH-USD,3913.59,0.00050547,2024-12-12 03:38:10.849948+00:00,SELL,,,,,,
56,581145375,ETH-USD,3917.1,0.1993854,2024-12-12 03:37:55.828510+00:00,BUY,,,,,,
57,581145311,ETH-USD,3916.39,0.00081232,2024-12-12 03:37:40.647902+00:00,SELL,,,,,,
58,581145182,ETH-USD,3915.18,0.00459252,2024-12-12 03:37:25.595471+00:00,BUY,,,,,,
59,581145054,ETH-USD,3916.56,0.1149,2024-12-12 03:37:10.942702+00:00,BUY,,,,,,
60,581144878,ETH-USD,3911.59,0.00000535,2024-12-12 03:36:55.723958+00:00,SELL,,,,,,
61,581144784,ETH-USD,3912.63,0.00000187,2024-12-12 03:36:40.928304+00:00,SELL,,,,,,
62,581144604,ETH-USD,3911.0,0.08701056,2024-12-12 03:36:25.741078+00:00,SELL,,,,,,
63,581144430,ETH-USD,3910.44,0.01926403,2024-12-12 03:36:10.111280+00:00,BUY,,,,,,
64,581144285,ETH-USD,3915.04,0.00072934,2024-12-12 03:35:55.172795+00:00,BUY,,,,,,
65,581144149,ETH-USD,3916.21,0.01,2024-12-12 03:35:39.977537+00:00,SELL,,,,,,
66,581144032,ETH-USD,3916.33,0.01675861,2024-12-12 03:35:25.124636+00:00,SELL,,,,,,
67,581143912,ETH-USD,3913.6,1.27852059,2024-12-12 03:35:10.973051+00:00,BUY,,,,,,
68,581143813,ETH-USD,3914.45,0.0216604,2024-12-12 03:34:55.971319+00:00,SELL,,,,,,
69,581143685,ETH-USD,3913.83,0.02343074,2024-12-12 03:34:40.800628+00:00,BUY,,,,,,
70,581143572,ETH-USD,3911.4,0.001,2024-12-12 03:34:25.704731+00:00,SELL,,,,,,
71,581143405,ETH-USD,3912.81,0.01842625,2024-12-12 03:34:10.070627+00:00,BUY,,,,,,
72,581143285,ETH-USD,3913.49,0.00013287,2024-12-12 03:33:55.576969+00:00,BUY,,,,,,
73,581143195,ETH-USD,3916.5,0.0106,2024-12-12 03:33:40.687780+00:00,SELL,,,,,,
74,581143089,ETH-USD,3917.06,0.00599602,2024-12-12 03:33:25.488852+00:00,SELL,,,,,,
75,581142944,ETH-USD,3915.01,0.26662,2024-12-12 03:33:10.930733+00:00,SELL,,,,,,
76,581142782,ETH-USD,3917.11,0.00360816,2024-12-12 03:32:55.668555+00:00,SELL,,,,,,
77,581142656,ETH-USD,3916.71,0.0000869,2024-12-12 03:32:39.810328+00:00,SELL,,,,,,
78,581142491,ETH-USD,3917.27,0.00104239,2024-12-12 03:32:25.490192+00:00,BUY,,,,,,
79,581142350,ETH-USD,3919.02,0.01,2024-12-12 03:32:10.821980+00:00,BUY,,,,,,
80,581142158,ETH-USD,3918.1,0.90158,2024-12-12 03:31:55.981503+00:00,BUY,,,,,,
81,581142002,ETH-USD,3917.64,1.27627,2024-12-12 03:31:40.927509+00:00,SELL,,,,,,
82,581141825,ETH-USD,3912.35,0.29120195,2024-12-12 03:31:25.539408+00:00,SELL,,,,,,
83,581141712,ETH-USD,3912.94,0.47256288,2024-12-12 03:31:10.716383+00:00,BUY,,,,,,
84,581141543,ETH-USD,3912.77,0.34943292,2024-12-12 03:30:55.562182+00:00,SELL,,,,,,
85,581141327,ETH-USD,3911.02,0.02191306,2024-12-12 03:30:40.969636+00:00,BUY,,,,,,
86,581141101,ETH-USD,3913.8,0.001,2024-12-12 03:30:25.978578+00:00,BUY,,,,,,
87,581140941,ETH-USD,3917.47,0.01064,2024-12-12 03:30:10.346214+00:00,SELL,,,,,,
88,581140758,ETH-USD,3920.0,0.49,2024-12-12 03:29:55.896622+00:00,BUY,,,,,,
89,581140530,ETH-USD,3923.03,1.57898684,2024-12-12 03:29:40.250420+00:00,BUY,,,,,,
90,581140208,ETH-USD,3920.92,0.00000705,2024-12-12 03:29:25.986594+00:00,SELL,,,,,,
91,581140081,ETH-USD,3918.81,2.69184471,2024-12-12 03:29:10.699810+00:00,BUY,,,,,,
92,581139889,ETH-USD,3917.32,0.77558861,2024-12-12 03:28:55.337591+00:00,BUY,,,,,,
93,581139649,ETH-USD,3917.33,1.607,2024-12-12 03:28:40.932948+00:00,SELL,,,,,,
94,581139423,ETH-USD,3921.6,1.33241549,2024-12-12 03:28:25.990863+00:00,BUY,,,,,,
95,581139039,ETH-USD,3917.62,0.01,2024-12-12 03:28:10.899587+00:00,BUY,,,,,,
96,581138862,ETH-USD,3913.29,0.00074109,2024-12-12 03:27:55.643819+00:00,BUY,,,,,,
97,581138691,ETH-USD,3914.2,0.00097248,2024-12-12 03:27:40.667854+00:00,BUY,,,,,,
98,581138535,ETH-USD,3915.97,0.00257981,2024-12-12 03:27:25.748626+00:00,BUY,,,,,,
99,581138311,ETH-USD,3917.75,0.01,2024-12-12 03:27:10.669820+00:00,BUY,,,,,,
100,581138138,ETH-USD,3913.91,0.02069484,2024-12-12 03:26:55.771412+00:00,BUY,,,,,,
101,581138003,ETH-USD,3916.27,0.61600001,2024-12-12 03:26:40.976156+00:00,SELL,,,,,,
102,581137767,ETH-USD,3915.43,0.59528001,2024-12-12 03:26:25.975931+00:00,SELL,,,,,,
103,581137454,ETH-USD,3911.0,0.00056,2024-12-12 03:26:10.371976+00:00,BUY,,,,,,
104,581137210,ETH-USD,3910.2,0.00025584,2024-12-12 03:25:55.409112+00:00,SELL,,,,,,
105,581136979,ETH-USD,3908.0,0.01013841,2024-12-12 03:25:40.607474+00:00,SELL,,,,,,
106,581136781,ETH-USD,3904.52,0.00107842,2024-12-12 03:25:25.819939+00:00,SELL,,,,,,
107,581136235,ETH-USD,3900.58,0.005,2024-12-12 03:25:10.794106+00:00,BUY,,,,,,
108,581136070,ETH-USD,3900.95,0.62293599,2024-12-12 03:24:54.525675+00:00,SELL,,,,,,
109,581135855,ETH-USD,3900.28,0.00000512,2024-12-12 03:24:40.995428+00:00,SELL,,,,,,
110,581135593,ETH-USD,3899.07,0.12074756,2024-12-12 03:24:25.680607+00:00,SELL,,,,,,
111,581135428,ETH-USD,3899.33,0.00742271,2024-12-12 03:24:10.844411+00:00,BUY,,,,,,
112,581135194,ETH-USD,3895.93,0.64512001,2024-12-12 03:23:54.530790+00:00,SELL,,,,,,
113,581135059,ETH-USD,3898.93,0.00016954,2024-12-12 03:23:40.859579+00:00,SELL,,,,,,
114,581134918,ETH-USD,3896.78,0.02078582,2024-12-12 03:23:25.726628+00:00,BUY,,,,,,
115,581134777,ETH-USD,3894.47,0.02079814,2024-12-12 03:23:10.972579+00:00,BUY,,,,,,
116,581134540,ETH-USD,3897.84,0.0001134,2024-12-12 03:22:55.955422+00:00,BUY,,,,,,
117,581134350,ETH-USD,3897.7,0.00000708,2024-12-12 03:22:40.522610+00:00,BUY,,,,,,
118,581134194,ETH-USD,3897.87,1.57898684,2024-12-12 03:22:25.734547+00:00,BUY,,,,,,
119,581134002,ETH-USD,3893.55,0.00006728,2024-12-12 03:22:10.571962+00:00,SELL,,,,,,
120,581133815,ETH-USD,3895.98,0.01,2024-12-12 03:21:54.904458+00:00,BUY,,,,,,
121,581133681,ETH-USD,3893.6,1.1515795,2024-12-12 03:21:40.496977+00:00,SELL,,,,,,
122,581133496,ETH-USD,3893.66,0.00209564,2024-12-12 03:21:25.671051+00:00,SELL,,,,,,
123,581133341,ETH-USD,3891.66,1.6404,2024-12-12 03:21:10.930049+00:00,BUY,,,,,,
124,581133117,ETH-USD,3888.92,0.4,2024-12-12 03:20:55.751185+00:00,SELL,,,,,,
125,581132795,ETH-USD,3887.29,0.00176969,2024-12-12 03:20:40.353368+00:00,SELL,,,,,,
126,581132644,ETH-USD,3885.4,0.02127045,2024-12-12 03:20:25.839485+00:00,BUY,,,,,,
127,581132546,ETH-USD,3884.17,0.0081,2024-12-12 03:20:10.805771+00:00,SELL,,,,,,
128,581132432,ETH-USD,3879.91,1.00017699,2024-12-12 03:19:55.784768+00:00,BUY,,,,,,
129,581132313,ETH-USD,3879.11,0.001,2024-12-12 03:19:40.176460+00:00,BUY,,,,,,
130,581132226,ETH-USD,3881.47,0.01419942,2024-12-12 03:19:25.963991+00:00,SELL,,,,,,
131,581132109,ETH-USD,3881.35,1.28821166,2024-12-12 03:19:10.686170+00:00,SELL,,,,,,
132,581131990,ETH-USD,3884.03,0.00964821,2024-12-12 03:18:55.756594+00:00,SELL,,,,,,
133,581131878,ETH-USD,3880.88,0.0008986,2024-12-12 03:18:40.381059+00:00,BUY,,,,,,
134,581131745,ETH-USD,3882.39,0.17183768,2024-12-12 03:18:25.953466+00:00,BUY,,,,,,
135,581131585,ETH-USD,3879.63,0.01,2024-12-12 03:18:09.821914+00:00,SELL,,,,,,
136,581131482,ETH-USD,3880.47,0.02129748,2024-12-12 03:17:55.581732+00:00,BUY,,,,,,
137,581131362,ETH-USD,3879.04,0.0194591,2024-12-12 03:17:40.687926+00:00,SELL,,,,,,
138,581131164,ETH-USD,3875.82,0.02256459,2024-12-12 03:17:25.980973+00:00,BUY,,,,,,
139,581131043,ETH-USD,3880.99,0.25047192,2024-12-12 03:17:10.574741+00:00,BUY,,,,,,
140,581130947,ETH-USD,3880.23,0.05811469,2024-12-12 03:16:55.358384+00:00,BUY,,,,,,
141,581130788,ETH-USD,3878.82,0.00203184,2024-12-12 03:16:39.912678+00:00,SELL,,,,,,
142,581130637,ETH-USD,3882.73,0.00017832,2024-12-12 03:16:25.887931+00:00,SELL,,,,,,
143,581130512,ETH-USD,3885.98,0.18191558,2024-12-12 03:16:10.522709+00:00,BUY,,,,,,
144,581130344,ETH-USD,3884.99,1.57514887,2024-12-12 03:15:55.960985+00:00,BUY,,,,,,
145,581130158,ETH-USD,3880.62,0.0009453,2024-12-12 03:15:40.423858+00:00,BUY,,,,,,
146,581130007,ETH-USD,3881.44,0.00229666,2024-12-12 03:15:25.899423+00:00,SELL,,,,,,
147,581129899,ETH-USD,3883.33,0.00182549,2024-12-12 03:15:10.921001+00:00,BUY,,,,,,
148,581129747,ETH-USD,3882.91,0.64378732,2024-12-12 03:14:55.248999+00:00,BUY,,,,,,
149,581129660,ETH-USD,3882.22,0.012,2024-12-12 03:14:40.824254+00:00,SELL,,,,,,
150,581129493,ETH-USD,3884.77,0.11933654,2024-12-12 03:14:25.755097+00:00,SELL,,,,,,
151,581129302,ETH-USD,3884.84,0.00000257,2024-12-12 03:14:10.886021+00:00,SELL,,,,,,
152,581129005,ETH-USD,3878.16,0.02255097,2024-12-12 03:13:55.962955+00:00,BUY,,,,,,
153,581128898,ETH-USD,3876.72,0.00000982,2024-12-12 03:13:40.041768+00:00,SELL,,,,,,
154,581128777,ETH-USD,3878.54,0.02980976,2024-12-12 03:13:25.362000+00:00,BUY,,,,,,
155,581128716,ETH-USD,3880.0,0.17229006,2024-12-12 03:13:10.920954+00:00,BUY,,,,,,
156,581128617,ETH-USD,3882.12,0.00045367,2024-12-12 03:12:55.691639+00:00,BUY,,,,,,
157,581128495,ETH-USD,3881.31,0.02550896,2024-12-12 03:12:40.686210+00:00,SELL,,,,,,
158,581128397,ETH-USD,3883.22,0.00012884,2024-12-12 03:12:25.226348+00:00,SELL,,,,,,
159,581128227,ETH-USD,3881.19,0.00016747,2024-12-12 03:12:10.919242+00:00,BUY,,,,,,
160,581128147,ETH-USD,3883.37,0.01548828,2024-12-12 03:11:55.772111+00:00,SELL,,,,,,
161,581127978,ETH-USD,3878.15,0.00000134,2024-12-12 03:11:40.369734+00:00,SELL,,,,,,
162,581127835,ETH-USD,3878.85,0.01,2024-12-12 03:11:25.523433+00:00,BUY,,,,,,
163,581127671,ETH-USD,3883.31,1.63644843,2024-12-12 03:11:10.787352+00:00,BUY,,,,,,
164,581127500,ETH-USD,3882.52,0.00255016,2024-12-12 03:10:55.706725+00:00,SELL,,,,,,
165,581127446,ETH-USD,3883.03,0.00322299,2024-12-12 03:10:40.998289+00:00,SELL,,,,,,
166,581127293,ETH-USD,3882.6,0.00229886,2024-12-12 03:10:25.845045+00:00,SELL,,,,,,
167,581127125,ETH-USD,3881.52,0.00132506,2024-12-12 03:10:10.794895+00:00,BUY,,,,,,
168,581126941,ETH-USD,3878.8,0.02043112,2024-12-12 03:09:55.682464+00:00,SELL,,,,,,
169,581126797,ETH-USD,3875.2,0.04841948,2024-12-12 03:09:40.871590+00:00,SELL,,,,,,
170,581126753,ETH-USD,3875.3,0.00000328,2024-12-12 03:09:25.852181+00:00,SELL,,,,,,
171,581126646,ETH-USD,3875.18,0.01188455,2024-12-12 03:09:10.487666+00:00,SELL,,,,,,
172,581126469,ETH-USD,3874.3,0.00526994,2024-12-12 03:08:55.380422+00:00,SELL,,,,,,
173,581126318,ETH-USD,3872.41,0.07116502,2024-12-12 03:08:40.967237+00:00,SELL,,,,,,
174,581126221,ETH-USD,3873.79,0.00036265,2024-12-12 03:08:25.776338+00:00,SELL,,,,,,
175,581126046,ETH-USD,3870.73,0.00066151,2024-12-12 03:08:10.764955+00:00,BUY,,,,,,
176,581125952,ETH-USD,3871.05,0.00049541,2024-12-12 03:07:55.986462+00:00,BUY,,,,,,
177,581125777,ETH-USD,3870.54,0.29973,2024-12-12 03:07:40.911426+00:00,SELL,,,,,,
178,581125615,ETH-USD,3868.62,0.01,2024-12-12 03:07:25.990394+00:00,BUY,,,,,,
179,581125418,ETH-USD,3864.43,0.00001369,2024-12-12 03:07:10.989514+00:00,SELL,,,,,,
180,581125215,ETH-USD,3862.35,0.00000915,2024-12-12 03:06:55.967525+00:00,SELL,,,,,,
181,581125089,ETH-USD,3866.54,0.02362,2024-12-12 03:06:40.999400+00:00,SELL,,,,,,
182,581124777,ETH-USD,3863.77,0.02364803,2024-12-12 03:06:25.883254+00:00,SELL,,,,,,
183,581124594,ETH-USD,3859.67,0.01,2024-12-12 03:06:10.308849+00:00,BUY,,,,,,
184,581124438,ETH-USD,3856.58,0.00120061,2024-12-12 03:05:55.830462+00:00,BUY,,,,,,
185,581124336,ETH-USD,3854.11,0.01,2024-12-12 03:05:40.919417+00:00,BUY,,,,,,
186,581124100,ETH-USD,3855.5,1.57898684,2024-12-12 03:05:25.985509+00:00,SELL,,,,,,
187,581123847,ETH-USD,3860.01,0.00011658,2024-12-12 03:05:10.303188+00:00,BUY,,,,,,
188,581123647,ETH-USD,3862.61,0.01078708,2024-12-12 03:04:55.832703+00:00,SELL,,,,,,
189,581123507,ETH-USD,3862.12,0.0272,2024-12-12 03:04:40.875924+00:00,SELL,,,,,,
190,581123361,ETH-USD,3859.32,0.44800001,2024-12-12 03:04:25.837757+00:00,BUY,,,,,,
191,581123010,ETH-USD,3860.38,0.49509786,2024-12-12 03:04:10.351783+00:00,SELL,,,,,,
192,581122780,ETH-USD,3860.22,0.00006732,2024-12-12 03:03:55.946710+00:00,SELL,,,,,,
193,581122511,ETH-USD,3869.67,0.10886402,2024-12-12 03:03:40.897249+00:00,BUY,,,,,,
194,581122414,ETH-USD,3872.77,0.01457348,2024-12-12 03:03:25.225454+00:00,BUY,,,,,,
195,581122241,ETH-USD,3868.58,0.001,2024-12-12 03:03:10.864940+00:00,BUY,,,,,,
196,581122014,ETH-USD,3873.34,1.29087557,2024-12-12 03:02:55.917598+00:00,SELL,,,,,,
197,581121804,ETH-USD,3874.04,0.02284,2024-12-12 03:02:40.514723+00:00,SELL,,,,,,
198,581121690,ETH-USD,3869.74,0.01515174,2024-12-12 03:02:25.720010+00:00,BUY,,,,,,
199,581121585,ETH-USD,3872.49,0.01498163,2024-12-12 03:02:10.840953+00:00,BUY,,,,,,
200,581121462,ETH-USD,3876.16,0.02155889,2024-12-12 03:01:55.991184+00:00,BUY,,,,,,
201,581121225,ETH-USD,3868.82,0.0239954,2024-12-12 03:01:40.996259+00:00,SELL,,,,,,
202,581121096,ETH-USD,3868.79,0.00043896,2024-12-12 03:01:25.177377+00:00,BUY,,,,,,
203,581120996,ETH-USD,3869.39,0.12627589,2024-12-12 03:01:10.625001+00:00,SELL,,,,,,
204,581120845,ETH-USD,3871.32,0.00207214,2024-12-12 03:00:55.927458+00:00,SELL,,,,,,
205,581120690,ETH-USD,3870.77,0.01,2024-12-12 03:00:40.987818+00:00,SELL,,,,,,
206,581120427,ETH-USD,3873.05,0.02396261,2024-12-12 03:00:25.953943+00:00,BUY,,,,,,
207,581120171,ETH-USD,3876.94,0.00902346,2024-12-12 03:00:10.720148+00:00,BUY,,,,,,
208,581120000,ETH-USD,3883.02,0.01,2024-12-12 02:59:55.906833+00:00,BUY,,,,,,
209,581119801,ETH-USD,3882.39,0.001,2024-12-12 02:59:40.987706+00:00,BUY,,,,,,
210,581119592,ETH-USD,3882.62,0.10096544,2024-12-12 02:59:25.831084+00:00,SELL,,,,,,
211,581119275,ETH-USD,3882.88,0.02390194,2024-12-12 02:59:10.759995+00:00,BUY,,,,,,
212,581119023,ETH-USD,3885.82,0.50120794,2024-12-12 02:58:55.940313+00:00,BUY,,,,,,
213,581118614,ETH-USD,3882.14,0.001,2024-12-12 02:58:40.905201+00:00,SELL,,,,,,
214,581118325,ETH-USD,3875.26,0.60760001,2024-12-12 02:58:25.260800+00:00,SELL,,,,,,
215,581118011,ETH-USD,3876.0,0.6,2024-12-12 02:58:10.969914+00:00,SELL,,,,,,
216,581117510,ETH-USD,3871.23,1.31,2024-12-12 02:57:55.977862+00:00,BUY,,,,,,
217,581117319,ETH-USD,3867.44,0.00038773,2024-12-12 02:57:40.557805+00:00,BUY,,,,,,
218,581117184,ETH-USD,3869.85,0.01,2024-12-12 02:57:25.185684+00:00,SELL,,,,,,
219,581116980,ETH-USD,3870.81,0.00463688,2024-12-12 02:57:10.847781+00:00,SELL,,,,,,
220,581116700,ETH-USD,3871.53,0.00821,2024-12-12 02:56:55.995337+00:00,SELL,,,,,,
221,581116110,ETH-USD,3862.47,0.00594311,2024-12-12 02:56:40.888736+00:00,SELL,,,,,,
222,581115805,ETH-USD,3856.96,0.01000584,2024-12-12 02:56:25.941229+00:00,SELL,,,,,,
223,581115485,ETH-USD,3853.92,0.00084998,2024-12-12 02:56:10.860505+00:00,BUY,,,,,,
224,581115286,ETH-USD,3854.28,0.00652372,2024-12-12 02:55:55.957097+00:00,BUY,,,,,,
225,581115006,ETH-USD,3847.26,0.00009097,2024-12-12 02:55:40.502502+00:00,BUY,,,,,,
226,581114910,ETH-USD,3846.74,0.64987224,2024-12-12 02:55:25.945361+00:00,BUY,,,,,,
227,581114745,ETH-USD,3844.32,0.01292425,2024-12-12 02:55:10.613667+00:00,BUY,,,,,,
228,581114588,ETH-USD,3840.76,4.05739237,2024-12-12 02:54:55.999719+00:00,BUY,,,,,,
229,581114475,ETH-USD,3837.18,0.00008691,2024-12-12 02:54:40.964758+00:00,SELL,,,,,,
230,581114379,ETH-USD,3835.78,0.02076239,2024-12-12 02:54:25.329172+00:00,SELL,,,,,,
231,581114265,ETH-USD,3832.24,0.02017119,2024-12-12 02:54:10.853865+00:00,SELL,,,,,,
232,581114175,ETH-USD,3831.93,0.02332569,2024-12-12 02:53:55.913144+00:00,BUY,,,,,,
233,581114055,ETH-USD,3830.79,0.49168001,2024-12-12 02:53:40.848188+00:00,BUY,,,,,,
234,581114007,ETH-USD,3830.01,0.00017513,2024-12-12 02:53:25.887762+00:00,SELL,,,,,,
235,581113944,ETH-USD,3830.58,0.0100676,2024-12-12 02:53:10.706709+00:00,BUY,,,,,,
236,581113865,ETH-USD,3829.83,0.00139403,2024-12-12 02:52:55.299035+00:00,SELL,,,,,,
237,581113817,ETH-USD,3830.38,0.00949972,2024-12-12 02:52:40.767753+00:00,BUY,,,,,,
238,581113711,ETH-USD,3831.66,0.00043593,2024-12-12 02:52:25.236863+00:00,BUY,,,,,,
239,581113659,ETH-USD,3830.82,0.00607435,2024-12-12 02:52:10.068342+00:00,SELL,,,,,,
240,581113586,ETH-USD,3831.67,0.00126729,2024-12-12 02:51:55.579327+00:00,SELL,,,,,,
241,581113527,ETH-USD,3834.04,0.001,2024-12-12 02:51:40.215917+00:00,BUY,,,,,,
242,581113463,ETH-USD,3834.82,0.00030213,2024-12-12 02:51:25.306269+00:00,SELL,,,,,,
243,581113362,ETH-USD,3835.91,0.00042917,2024-12-12 02:51:10.868085+00:00,BUY,,,,,,
244,581113248,ETH-USD,3834.17,0.00008691,2024-12-12 02:50:55.430818+00:00,SELL,,,,,,
245,581113133,ETH-USD,3831.97,0.00169036,2024-12-12 02:50:40.814264+00:00,BUY,,,,,,
246,581113027,ETH-USD,3829.29,0.0051726,2024-12-12 02:50:25.581146+00:00,SELL,,,,,,
247,581112957,ETH-USD,3827.75,0.00355552,2024-12-12 02:50:10.893972+00:00,BUY,,,,,,
248,581112853,ETH-USD,3827.94,0.01022265,2024-12-12 02:49:55.898437+00:00,BUY,,,,,,
249,581112779,ETH-USD,3826.9,0.01020049,2024-12-12 02:49:40.273616+00:00,SELL,,,,,,
250,581112697,ETH-USD,3824.17,0.0123,2024-12-12 02:49:25.063303+00:00,SELL,,,,,,
251,581112617,ETH-USD,3824.15,0.01242479,2024-12-12 02:49:10.370091+00:00,SELL,,,,,,
252,581112539,ETH-USD,3827.17,0.00915182,2024-12-12 02:48:54.264085+00:00,SELL,,,,,,
253,581112473,ETH-USD,3828.24,0.06194405,2024-12-12 02:48:40.215613+00:00,SELL,,,,,,
254,581112426,ETH-USD,3828.54,0.57927203,2024-12-12 02:48:24.630923+00:00,BUY,,,,,,
255,581112368,ETH-USD,3829.79,0.01881632,2024-12-12 02:48:10.874492+00:00,BUY,,,,,,
256,581112312,ETH-USD,3831.25,0.12914652,2024-12-12 02:47:55.702131+00:00,SELL,,,,,,
257,581112233,ETH-USD,3831.8,0.05168692,2024-12-12 02:47:40.799235+00:00,SELL,,,,,,
258,581112112,ETH-USD,3834.46,0.6,2024-12-12 02:47:25.861595+00:00,BUY,,,,,,
259,581111975,ETH-USD,3829.36,0.00034294,2024-12-12 02:47:10.547638+00:00,SELL,,,,,,
260,581111897,ETH-USD,3828.17,0.30200095,2024-12-12 02:46:55.059000+00:00,SELL,,,,,,
261,581111842,ETH-USD,3829.06,0.00303493,2024-12-12 02:46:40.541020+00:00,SELL,,,,,,
262,581111771,ETH-USD,3829.02,0.00372745,2024-12-12 02:46:25.473969+00:00,SELL,,,,,,
263,581111701,ETH-USD,3828.76,0.00028156,2024-12-12 02:46:10.771712+00:00,SELL,,,,,,
264,581111622,ETH-USD,3828.07,0.76155776,2024-12-12 02:45:55.304273+00:00,SELL,,,,,,
265,581111567,ETH-USD,3828.12,0.00035582,2024-12-12 02:45:39.346893+00:00,SELL,,,,,,
266,581111491,ETH-USD,3827.99,0.0337392,2024-12-12 02:45:25.192498+00:00,SELL,,,,,,
267,581111425,ETH-USD,3828.26,0.00349387,2024-12-12 02:45:10.827965+00:00,SELL,,,,,,
268,581111319,ETH-USD,3828.11,0.63728001,2024-12-12 02:44:55.941508+00:00,BUY,,,,,,
269,581111224,ETH-USD,3828.19,0.001,2024-12-12 02:44:40.539373+00:00,SELL,,,,,,
270,581111141,ETH-USD,3827.92,0.00087663,2024-12-12 02:44:25.608370+00:00,SELL,,,,,,
271,581111093,ETH-USD,3827.92,0.00129315,2024-12-12 02:44:09.598926+00:00,SELL,,,,,,
272,581111039,ETH-USD,3827.91,0.44912001,2024-12-12 02:43:55.334229+00:00,BUY,,,,,,
274,581110910,ETH-USD,3827.94,0.00444402,2024-12-12 02:43:24.942376+00:00,SELL,,,,,,
275,581110834,ETH-USD,3827.9,0.03321194,2024-12-12 02:43:09.563259+00:00,BUY,,,,,,
276,581110776,ETH-USD,3827.91,0.00182709,2024-12-12 02:42:55.483641+00:00,SELL,,,,,,
277,581110695,ETH-USD,3827.33,0.0127941,2024-12-12 02:42:39.943068+00:00,SELL,,,,,,
278,581110650,ETH-USD,3827.02,0.01259125,2024-12-12 02:42:25.286760+00:00,BUY,,,,,,
279,581110582,ETH-USD,3826.87,0.00518715,2024-12-12 02:42:10.775388+00:00,SELL,,,,,,
280,581110521,ETH-USD,3827.54,0.00065797,2024-12-12 02:41:55.594099+00:00,BUY,,,,,,
281,581110485,ETH-USD,3827.31,0.00478758,2024-12-12 02:41:40.936768+00:00,SELL,,,,,,
282,581110446,ETH-USD,3827.59,0.00129333,2024-12-12 02:41:24.954194+00:00,SELL,,,,,,
283,581110384,ETH-USD,3827.41,0.00036584,2024-12-12 02:41:10.970335+00:00,BUY,,,,,,
284,581110265,ETH-USD,3825.81,0.00465727,2024-12-12 02:40:55.726916+00:00,SELL,,,,,,
285,581110198,ETH-USD,3826.4,0.02686401,2024-12-12 02:40:40.758769+00:00,SELL,,,,,,
286,581110069,ETH-USD,3826.8,0.00066038,2024-12-12 02:40:25.832057+00:00,BUY,,,,,,
287,581109943,ETH-USD,3826.42,0.00297651,2024-12-12 02:40:10.997379+00:00,SELL,,,,,,
288,581109856,ETH-USD,3825.14,0.00574208,2024-12-12 02:39:55.858771+00:00,SELL,,,,,,
289,581109797,ETH-USD,3824.54,0.02479665,2024-12-12 02:39:40.503973+00:00,SELL,,,,,,
290,581109733,ETH-USD,3825.18,1.14115492,2024-12-12 02:39:25.837113+00:00,BUY,,,,,,
291,581109696,ETH-USD,3825.17,0.00504385,2024-12-12 02:39:09.982665+00:00,SELL,,,,,,
292,581109639,ETH-USD,3824.51,0.00285476,2024-12-12 02:38:55.812374+00:00,BUY,,,,,,
293,581109544,ETH-USD,3825.61,0.00761633,2024-12-12 02:38:40.464734+00:00,SELL,,,,,,
294,581109485,ETH-USD,3825.9,0.00014647,2024-12-12 02:38:25.746682+00:00,SELL,,,,,,
295,581109431,ETH-USD,3826.07,0.00094352,2024-12-12 02:38:10.827712+00:00,BUY,,,,,,
296,581109364,ETH-USD,3826.84,0.91709,2024-12-12 02:37:55.109601+00:00,BUY,,,,,,
297,581109291,ETH-USD,3826.35,0.00302133,2024-12-12 02:37:40.420661+00:00,SELL,,,,,,
298,581109212,ETH-USD,3826.16,0.006,2024-12-12 02:37:25.740881+00:00,SELL,,,,,,
299,581109150,ETH-USD,3825.57,0.00087211,2024-12-12 02:37:10.291376+00:00,SELL,,,,,,
300,581109083,ETH-USD,3825.4,0.00343881,2024-12-12 02:36:55.589823+00:00,SELL,,,,,,
301,581109043,ETH-USD,3825.94,0.00361365,2024-12-12 02:36:40.562801+00:00,SELL,,,,,,
302,581108978,ETH-USD,3824.91,0.00066573,2024-12-12 02:36:25.727613+00:00,BUY,,,,,,
303,581108927,ETH-USD,3825.18,0.02070621,2024-12-12 02:36:10.976666+00:00,SELL,,,,,,
304,581108868,ETH-USD,3825.79,0.00944975,2024-12-12 02:35:55.752316+00:00,SELL,,,,,,
305,581108777,ETH-USD,3823.78,0.00233274,2024-12-12 02:35:40.945103+00:00,SELL,,,,,,
306,581108717,ETH-USD,3823.7,0.00103053,2024-12-12 02:35:25.799113+00:00,BUY,,,,,,
307,581108621,ETH-USD,3823.04,0.35996432,2024-12-12 02:35:09.143359+00:00,BUY,,,,,,
308,581108592,ETH-USD,3824.03,0.00159998,2024-12-12 02:34:55.292720+00:00,SELL,,,,,,
309,581108499,ETH-USD,3824.97,0.00008692,2024-12-12 02:34:40.135976+00:00,SELL,,,,,,
310,581108446,ETH-USD,3825.41,0.00104663,2024-12-12 02:34:25.683079+00:00,BUY,,,,,,
311,581108321,ETH-USD,3826.46,0.01224927,2024-12-12 02:34:10.980659+00:00,BUY,,,,,,
312,581108294,ETH-USD,3826.46,0.000656,2024-12-12 02:33:55.754458+00:00,BUY,,,,,,
313,581108242,ETH-USD,3826.11,0.01242255,2024-12-12 02:33:40.806547+00:00,SELL,,,,,,
314,581108185,ETH-USD,3826.02,0.01843841,2024-12-12 02:33:24.868122+00:00,SELL,,,,,,
315,581108148,ETH-USD,3826.11,0.01086446,2024-12-12 02:33:10.551213+00:00,SELL,,,,,,
316,581108089,ETH-USD,3826.14,0.001294,2024-12-12 02:32:55.900931+00:00,SELL,,,,,,
317,581107999,ETH-USD,3825.59,0.00233154,2024-12-12 02:32:40.120463+00:00,SELL,,,,,,
318,581107946,ETH-USD,3825.56,0.00013121,2024-12-12 02:32:25.983881+00:00,BUY,,,,,,
319,581107862,ETH-USD,3825.3,0.00124433,2024-12-12 02:32:10.733334+00:00,SELL,,,,,,
320,581107788,ETH-USD,3824.98,0.01061715,2024-12-12 02:31:55.991428+00:00,SELL,,,,,,
321,581107681,ETH-USD,3824.65,0.00607725,2024-12-12 02:31:40.912934+00:00,BUY,,,,,,
322,581107606,ETH-USD,3823.72,0.0236194,2024-12-12 02:31:24.197715+00:00,BUY,,,,,,
323,581107538,ETH-USD,3824.08,0.00010454,2024-12-12 02:31:09.672189+00:00,SELL,,,,,,
324,581107421,ETH-USD,3822.53,0.7139062,2024-12-12 02:30:55.067769+00:00,BUY,,,,,,
325,581107377,ETH-USD,3822.7,0.0236257,2024-12-12 02:30:40.743179+00:00,BUY,,,,,,
326,581107329,ETH-USD,3822.82,0.12948218,2024-12-12 02:30:25.586532+00:00,SELL,,,,,,
327,581107284,ETH-USD,3823.01,0.4894,2024-12-12 02:30:10.927474+00:00,SELL,,,,,,
328,581107226,ETH-USD,3823.12,0.00052051,2024-12-12 02:29:54.832908+00:00,SELL,,,,,,
329,581107166,ETH-USD,3822.78,0.0005803,2024-12-12 02:29:40.512599+00:00,BUY,,,,,,
330,581107121,ETH-USD,3823.03,0.001,2024-12-12 02:29:25.989437+00:00,BUY,,,,,,
331,581107052,ETH-USD,3822.94,0.0258963,2024-12-12 02:29:10.317229+00:00,SELL,,,,,,
332,581107006,ETH-USD,3823.57,0.00305273,2024-12-12 02:28:54.816232+00:00,SELL,,,,,,
333,581106876,ETH-USD,3821.5,0.00376944,2024-12-12 02:28:40.796654+00:00,SELL,,,,,,
334,581106819,ETH-USD,3821.6,0.00020148,2024-12-12 02:28:25.681874+00:00,BUY,,,,,,
335,581106753,ETH-USD,3822.56,0.00322432,2024-12-12 02:28:10.737370+00:00,SELL,,,,,,
336,581106723,ETH-USD,3822.74,0.0591,2024-12-12 02:27:55.992806+00:00,SELL,,,,,,
337,581106623,ETH-USD,3821.6,1.09775881,2024-12-12 02:27:40.180484+00:00,SELL,,,,,,
338,581106562,ETH-USD,3822.24,0.00068615,2024-12-12 02:27:25.149089+00:00,BUY,,,,,,
339,581106469,ETH-USD,3822.22,0.00163885,2024-12-12 02:27:10.768663+00:00,BUY,,,,,,
340,581106411,ETH-USD,3821.49,0.72944804,2024-12-12 02:26:55.955927+00:00,BUY,,,,,,
341,581106319,ETH-USD,3820.67,0.00012301,2024-12-12 02:26:40.747833+00:00,BUY,,,,,,
342,581106269,ETH-USD,3820.65,0.00040334,2024-12-12 02:26:25.857248+00:00,SELL,,,,,,
343,581106146,ETH-USD,3820.0,0.07931937,2024-12-12 02:26:10.827254+00:00,BUY,,,,,,
344,581106114,ETH-USD,3820.59,0.43256168,2024-12-12 02:25:55.471224+00:00,BUY,,,,,,
345,581106045,ETH-USD,3820.38,0.00030082,2024-12-12 02:25:40.936685+00:00,SELL,,,,,,
346,581105965,ETH-USD,3818.51,0.05151625,2024-12-12 02:25:25.979112+00:00,SELL,,,,,,
347,581105884,ETH-USD,3818.7,0.00042723,2024-12-12 02:25:10.699078+00:00,SELL,,,,,,
348,581105808,ETH-USD,3817.8,0.00127241,2024-12-12 02:24:54.665354+00:00,SELL,,,,,,
349,581105727,ETH-USD,3819.11,0.00420635,2024-12-12 02:24:39.674649+00:00,BUY,,,,,,
350,581105631,ETH-USD,3819.81,0.00052871,2024-12-12 02:24:25.211983+00:00,BUY,,,,,,
351,581105563,ETH-USD,3821.23,0.0132128,2024-12-12 02:24:10.713124+00:00,BUY,,,,,,
352,581105520,ETH-USD,3821.84,0.00410684,2024-12-12 02:23:54.513378+00:00,SELL,,,,,,
353,581105463,ETH-USD,3821.48,0.00103881,2024-12-12 02:23:40.849334+00:00,SELL,,,,,,
354,581105421,ETH-USD,3821.59,0.00398282,2024-12-12 02:23:25.730275+00:00,SELL,,,,,,
355,581105362,ETH-USD,3821.06,0.0005369,2024-12-12 02:23:10.818163+00:00,SELL,,,,,,
356,581105260,ETH-USD,3818.63,0.00233583,2024-12-12 02:22:55.982352+00:00,SELL,,,,,,
358,581105108,ETH-USD,3819.25,0.004399,2024-12-12 02:22:25.735750+00:00,SELL,,,,,,
359,581105020,ETH-USD,3819.49,0.00028767,2024-12-12 02:22:10.835640+00:00,SELL,,,,,,
360,581104955,ETH-USD,3820.0,0.01017202,2024-12-12 02:21:55.851140+00:00,SELL,,,,,,
361,581104887,ETH-USD,3819.64,0.00021262,2024-12-12 02:21:40.563221+00:00,SELL,,,,,,
362,581104791,ETH-USD,3818.26,0.00543132,2024-12-12 02:21:25.984787+00:00,SELL,,,,,,
363,581104756,ETH-USD,3818.3,0.00609527,2024-12-12 02:21:10.419022+00:00,SELL,,,,,,
364,581104728,ETH-USD,3818.5,1.05798702,2024-12-12 02:20:55.670731+00:00,BUY,,,,,,
365,581104653,ETH-USD,3818.58,0.00609616,2024-12-12 02:20:40.519681+00:00,SELL,,,,,,
366,581104568,ETH-USD,3817.79,1.51609,2024-12-12 02:20:25.989924+00:00,SELL,,,,,,
367,581104484,ETH-USD,3818.21,1,2024-12-12 02:20:10.400447+00:00,BUY,,,,,,
368,581104405,ETH-USD,3818.13,0.00100624,2024-12-12 02:19:55.721113+00:00,SELL,,,,,,
369,581104329,ETH-USD,3817.97,0.02441185,2024-12-12 02:19:40.355448+00:00,BUY,,,,,,
370,581104253,ETH-USD,3817.39,0.00667869,2024-12-12 02:19:25.777385+00:00,SELL,,,,,,
371,581104206,ETH-USD,3816.92,0.00062213,2024-12-12 02:19:10.735046+00:00,SELL,,,,,,
372,581104129,ETH-USD,3815.72,0.00084382,2024-12-12 02:18:54.714380+00:00,BUY,,,,,,
373,581104070,ETH-USD,3816.5,0.00065701,2024-12-12 02:18:40.600121+00:00,BUY,,,,,,
374,581104011,ETH-USD,3817.3,0.02441613,2024-12-12 02:18:25.500830+00:00,BUY,,,,,,
375,581103939,ETH-USD,3817.37,0.00480752,2024-12-12 02:18:10.523483+00:00,SELL,,,,,,
376,581103868,ETH-USD,3816.45,0.01237028,2024-12-12 02:17:55.994194+00:00,SELL,,,,,,
377,581103821,ETH-USD,3817.07,0.01309696,2024-12-12 02:17:40.812268+00:00,BUY,,,,,,
378,581103754,ETH-USD,3816.67,0.00072508,2024-12-12 02:17:25.891049+00:00,BUY,,,,,,
379,581103656,ETH-USD,3814.87,0.00048085,2024-12-12 02:17:10.776731+00:00,BUY,,,,,,
380,581103571,ETH-USD,3813.89,0.01428731,2024-12-12 02:16:55.209469+00:00,SELL,,,,,,
381,581103518,ETH-USD,3813.21,0.24264563,2024-12-12 02:16:40.709403+00:00,SELL,,,,,,
382,581103477,ETH-USD,3814.07,0.6,2024-12-12 02:16:24.356307+00:00,SELL,,,,,,
383,581103416,ETH-USD,3813.47,0.00037557,2024-12-12 02:16:10.924464+00:00,SELL,,,,,,
384,581103341,ETH-USD,3813.75,0.001,2024-12-12 02:15:55.531143+00:00,SELL,,,,,,
385,581103273,ETH-USD,3811.61,0.00509672,2024-12-12 02:15:40.819840+00:00,SELL,,,,,,
386,581103192,ETH-USD,3811.76,0.00234032,2024-12-12 02:15:24.959231+00:00,SELL,,,,,,
387,581103137,ETH-USD,3811.43,0.00038153,2024-12-12 02:15:09.639210+00:00,SELL,,,,,,
388,581103029,ETH-USD,3810.02,0.00048547,2024-12-12 02:14:55.230210+00:00,BUY,,,,,,
389,581102954,ETH-USD,3811.16,0.00016979,2024-12-12 02:14:39.011420+00:00,SELL,,,,,,
390,581102916,ETH-USD,3810.89,0.00068382,2024-12-12 02:14:25.935021+00:00,BUY,,,,,,
391,581102855,ETH-USD,3812.97,0.0061927,2024-12-12 02:14:10.553257+00:00,BUY,,,,,,
392,581102809,ETH-USD,3813.45,0.02498942,2024-12-12 02:13:55.621951+00:00,BUY,,,,,,
393,581102697,ETH-USD,3813.01,0.00030212,2024-12-12 02:13:40.734794+00:00,SELL,,,,,,
394,581102629,ETH-USD,3811.74,0.02597382,2024-12-12 02:13:25.597514+00:00,SELL,,,,,,
395,581102600,ETH-USD,3811.4,0.01950541,2024-12-12 02:13:10.832004+00:00,SELL,,,,,,
396,581102545,ETH-USD,3811.42,0.00126786,2024-12-12 02:12:55.987914+00:00,SELL,,,,,,
397,581102463,ETH-USD,3810.02,0.00069631,2024-12-12 02:12:40.810813+00:00,BUY,,,,,,
398,581102403,ETH-USD,3810.15,1.35050062,2024-12-12 02:12:25.993533+00:00,SELL,,,,,,
399,581102324,ETH-USD,3809.46,0.00168941,2024-12-12 02:12:10.976290+00:00,SELL,,,,,,
400,581102266,ETH-USD,3808.83,0.00465015,2024-12-12 02:11:55.851273+00:00,BUY,,,,,,
401,581102205,ETH-USD,3809.06,0.00076911,2024-12-12 02:11:40.514922+00:00,SELL,,,,,,
402,581102143,ETH-USD,3809.22,0.001,2024-12-12 02:11:25.716020+00:00,BUY,,,,,,
403,581102067,ETH-USD,3810.05,0.00019048,2024-12-12 02:11:10.911761+00:00,SELL,,,,,,
404,581101999,ETH-USD,3808.76,0.02609978,2024-12-12 02:10:55.578077+00:00,BUY,,,,,,
405,581101923,ETH-USD,3810.06,0.00481003,2024-12-12 02:10:40.248396+00:00,SELL,,,,,,
406,581101852,ETH-USD,3809.36,0.02962106,2024-12-12 02:10:25.539781+00:00,SELL,,,,,,
407,581101777,ETH-USD,3806.5,0.63205364,2024-12-12 02:10:10.832256+00:00,BUY,,,,,,
408,581101709,ETH-USD,3806.7,0.0159359,2024-12-12 02:09:55.868391+00:00,SELL,,,,,,
409,581101626,ETH-USD,3805.51,0.00130013,2024-12-12 02:09:40.915989+00:00,SELL,,,,,,
410,581101521,ETH-USD,3808.72,0.00727979,2024-12-12 02:09:25.640143+00:00,SELL,,,,,,
411,581101465,ETH-USD,3809.19,0.01747824,2024-12-12 02:09:10.743523+00:00,BUY,,,,,,
412,581101401,ETH-USD,3808.16,0.00045193,2024-12-12 02:08:55.595054+00:00,BUY,,,,,,
413,581101368,ETH-USD,3809.0,0.00000814,2024-12-12 02:08:40.288532+00:00,BUY,,,,,,
414,581101296,ETH-USD,3808.92,1.90480409,2024-12-12 02:08:24.270233+00:00,BUY,,,,,,
415,581101234,ETH-USD,3809.42,1.57440679,2024-12-12 02:08:09.676306+00:00,SELL,,,,,,
416,581101159,ETH-USD,3810.21,0.00103937,2024-12-12 02:07:55.565357+00:00,SELL,,,,,,
417,581101099,ETH-USD,3809.98,0.00259763,2024-12-12 02:07:40.222216+00:00,BUY,,,,,,
418,581101036,ETH-USD,3811.44,0.005,2024-12-12 02:07:25.935196+00:00,BUY,,,,,,
420,581100874,ETH-USD,3811.54,0.00054841,2024-12-12 02:06:55.964923+00:00,BUY,,,,,,
421,581100819,ETH-USD,3811.0,1.99926329,2024-12-12 02:06:40.219696+00:00,SELL,,,,,,
422,581100751,ETH-USD,3811.28,0.0000892,2024-12-12 02:06:25.922452+00:00,BUY,,,,,,
423,581100642,ETH-USD,3810.47,0.05597732,2024-12-12 02:06:10.851795+00:00,SELL,,,,,,
424,581100573,ETH-USD,3812.87,0.002315,2024-12-12 02:05:54.912233+00:00,BUY,,,,,,
425,581100499,ETH-USD,3811.82,0.49478644,2024-12-12 02:05:40.246752+00:00,BUY,,,,,,
426,581100428,ETH-USD,3812.6,0.00007606,2024-12-12 02:05:25.722631+00:00,BUY,,,,,,
427,581100352,ETH-USD,3811.8,0.00097652,2024-12-12 02:05:10.527260+00:00,BUY,,,,,,
428,581100291,ETH-USD,3813.2,0.00105641,2024-12-12 02:04:55.598870+00:00,SELL,,,,,,
429,581100238,ETH-USD,3814.13,1.87721857,2024-12-12 02:04:40.482171+00:00,SELL,,,,,,
430,581100152,ETH-USD,3814.25,0.00509044,2024-12-12 02:04:25.984592+00:00,SELL,,,,,,
431,581100075,ETH-USD,3813.74,0.00237618,2024-12-12 02:04:10.793458+00:00,BUY,,,,,,
432,581100011,ETH-USD,3813.83,0.00009878,2024-12-12 02:03:55.766037+00:00,SELL,,,,,,
433,581099924,ETH-USD,3812.54,0.39296548,2024-12-12 02:03:40.826249+00:00,SELL,,,,,,
434,581099849,ETH-USD,3812.18,0.02219615,2024-12-12 02:03:25.592132+00:00,SELL,,,,,,
435,581099823,ETH-USD,3812.03,0.01241777,2024-12-12 02:03:10.977643+00:00,SELL,,,,,,
436,581099745,ETH-USD,3810.19,0.00044423,2024-12-12 02:02:55.918252+00:00,BUY,,,,,,
437,581099702,ETH-USD,3809.55,0.00214633,2024-12-12 02:02:39.897624+00:00,BUY,,,,,,
438,581099657,ETH-USD,3810.32,0.00498645,2024-12-12 02:02:25.942695+00:00,BUY,,,,,,
439,581099597,ETH-USD,3810.79,0.00727413,2024-12-12 02:02:10.080414+00:00,SELL,,,,,,
440,581099532,ETH-USD,3810.14,0.005,2024-12-12 02:01:55.883633+00:00,BUY,,,,,,
441,581099454,ETH-USD,3811.68,0.01220048,2024-12-12 02:01:40.338179+00:00,SELL,,,,,,
442,581099371,ETH-USD,3809.43,0.00094581,2024-12-12 02:01:24.945374+00:00,BUY,,,,,,
443,581099298,ETH-USD,3810.51,0.02851336,2024-12-12 02:01:10.872266+00:00,BUY,,,,,,
444,581099251,ETH-USD,3809.41,1.31253999,2024-12-12 02:00:54.751978+00:00,SELL,,,,,,
445,581099154,ETH-USD,3809.43,0.00136174,2024-12-12 02:00:40.813937+00:00,BUY,,,,,,
446,581099063,ETH-USD,3807.19,0.0252,2024-12-12 02:00:25.825769+00:00,SELL,,,,,,
447,581098982,ETH-USD,3808.56,0.00295211,2024-12-12 02:00:10.737636+00:00,SELL,,,,,,
448,581098896,ETH-USD,3807.72,0.02853425,2024-12-12 01:59:55.873234+00:00,BUY,,,,,,
449,581098814,ETH-USD,3807.57,0.03128039,2024-12-12 01:59:40.608816+00:00,BUY,,,,,,
450,581098753,ETH-USD,3807.18,0.00150923,2024-12-12 01:59:25.979233+00:00,BUY,,,,,,
451,581098672,ETH-USD,3807.65,0.00166781,2024-12-12 01:59:10.250139+00:00,SELL,,,,,,
452,581098561,ETH-USD,3806.43,0.0000026,2024-12-12 01:58:54.729840+00:00,SELL,,,,,,
453,581098472,ETH-USD,3804.0,0.00262486,2024-12-12 01:58:40.608512+00:00,BUY,,,,,,
454,581098397,ETH-USD,3804.71,0.83018721,2024-12-12 01:58:25.745546+00:00,SELL,,,,,,
455,581098280,ETH-USD,3802.4,1.35287,2024-12-12 01:58:10.612810+00:00,SELL,,,,,,
456,581098206,ETH-USD,3803.65,0.00021731,2024-12-12 01:57:55.113077+00:00,BUY,,,,,,
457,581098133,ETH-USD,3803.41,0.00030212,2024-12-12 01:57:40.668006+00:00,SELL,,,,,,
458,581098044,ETH-USD,3802.18,0.00034927,2024-12-12 01:57:25.874394+00:00,SELL,,,,,,
459,581097969,ETH-USD,3802.02,0.00124429,2024-12-12 01:57:10.503628+00:00,SELL,,,,,,
460,581097908,ETH-USD,3802.89,0.01269843,2024-12-12 01:56:55.530246+00:00,SELL,,,,,,
461,581097852,ETH-USD,3802.85,0.01313,2024-12-12 01:56:40.800536+00:00,SELL,,,,,,
462,581097768,ETH-USD,3801.31,0.01443448,2024-12-12 01:56:25.778459+00:00,SELL,,,,,,
463,581097699,ETH-USD,3802.86,0.00116843,2024-12-12 01:56:10.650252+00:00,SELL,,,,,,
464,581097614,ETH-USD,3802.42,0.00534019,2024-12-12 01:55:55.930702+00:00,SELL,,,,,,
465,581097546,ETH-USD,3802.01,0.0216415,2024-12-12 01:55:40.986706+00:00,SELL,,,,,,
466,581097471,ETH-USD,3801.37,0.30066811,2024-12-12 01:55:25.940498+00:00,SELL,,,,,,
467,581097367,ETH-USD,3801.44,0.00055409,2024-12-12 01:55:09.271759+00:00,SELL,,,,,,
468,581097238,ETH-USD,3800.12,0.02714221,2024-12-12 01:54:55.563270+00:00,SELL,,,,,,
469,581097182,ETH-USD,3800.81,0.00065676,2024-12-12 01:54:40.735467+00:00,BUY,,,,,,
470,581097067,ETH-USD,3800.88,0.01301269,2024-12-12 01:54:25.529160+00:00,SELL,,,,,,
471,581096943,ETH-USD,3803.04,0.00778532,2024-12-12 01:54:10.554485+00:00,BUY,,,,,,
472,581096837,ETH-USD,3804.05,0.01376835,2024-12-12 01:53:55.265741+00:00,SELL,,,,,,
474,581096746,ETH-USD,3804.64,0.03077117,2024-12-12 01:53:25.557879+00:00,BUY,,,,,,
475,581096672,ETH-USD,3803.87,0.00055393,2024-12-12 01:53:10.367343+00:00,SELL,,,,,,
476,581096568,ETH-USD,3803.43,0.00327963,2024-12-12 01:52:55.676669+00:00,SELL,,,,,,
477,581096482,ETH-USD,3803.78,0.09,2024-12-12 01:52:40.747063+00:00,BUY,,,,,,
479,581096332,ETH-USD,3805.17,0.005,2024-12-12 01:52:10.312650+00:00,BUY,,,,,,
480,581096245,ETH-USD,3806.36,0.03016246,2024-12-12 01:51:54.710303+00:00,BUY,,,,,,
481,581096158,ETH-USD,3806.04,0.10700824,2024-12-12 01:51:40.581930+00:00,BUY,,,,,,
482,581096038,ETH-USD,3804.18,0.0137709,2024-12-12 01:51:25.898067+00:00,SELL,,,,,,
483,581095981,ETH-USD,3805.78,0.00062427,2024-12-12 01:51:10.890378+00:00,BUY,,,,,,
485,581095779,ETH-USD,3805.29,0.01732083,2024-12-12 01:50:40.907877+00:00,SELL,,,,,,
486,581095600,ETH-USD,3808.3,0.00637652,2024-12-12 01:50:25.709349+00:00,SELL,,,,,,
487,581095534,ETH-USD,3808.2,0.10391328,2024-12-12 01:50:10.578419+00:00,SELL,,,,,,
488,581095442,ETH-USD,3809.28,0.00043853,2024-12-12 01:49:55.621427+00:00,BUY,,,,,,
489,581095364,ETH-USD,3810.87,1.56067658,2024-12-12 01:49:40.867828+00:00,BUY,,,,,,
490,581095326,ETH-USD,3811.38,0.01559954,2024-12-12 01:49:25.759574+00:00,SELL,,,,,,
491,581095249,ETH-USD,3813.67,0.00651067,2024-12-12 01:49:09.806625+00:00,SELL,,,,,,
492,581095151,ETH-USD,3813.4,0.00028848,2024-12-12 01:48:55.987729+00:00,SELL,,,,,,
493,581095082,ETH-USD,3813.03,0.00104124,2024-12-12 01:48:40.381481+00:00,SELL,,,,,,
494,581094998,ETH-USD,3810.87,0.00873,2024-12-12 01:48:25.913109+00:00,SELL,,,,,,
495,581094943,ETH-USD,3813.0,0.07574,2024-12-12 01:48:09.776446+00:00,BUY,,,,,,
496,581094859,ETH-USD,3809.9,0.0000391,2024-12-12 01:47:55.901117+00:00,SELL,,,,,,
497,581094746,ETH-USD,3810.31,0.03210285,2024-12-12 01:47:39.462132+00:00,BUY,,,,,,
498,581094715,ETH-USD,3810.72,0.02538581,2024-12-12 01:47:25.976628+00:00,SELL,,,,,,
500,581094580,ETH-USD,3810.83,0.00559961,2024-12-12 01:46:55.766152+00:00,SELL,,,,,,
501,581094524,ETH-USD,3811.98,0.0988,2024-12-12 01:46:40.733410+00:00,SELL,,,,,,
502,581094443,ETH-USD,3811.95,0.00070224,2024-12-12 01:46:25.059539+00:00,BUY,,,,,,
503,581094354,ETH-USD,3812.43,0.0009585,2024-12-12 01:46:10.389470+00:00,BUY,,,,,,
504,581094287,ETH-USD,3811.56,0.00610536,2024-12-12 01:45:55.924915+00:00,SELL,,,,,,
505,581094245,ETH-USD,3812.23,0.01243826,2024-12-12 01:45:40.016783+00:00,SELL,,,,,,
506,581094173,ETH-USD,3813.3,0.10943348,2024-12-12 01:45:25.311684+00:00,BUY,,,,,,
507,581094067,ETH-USD,3811.28,0.08499884,2024-12-12 01:45:10.582351+00:00,SELL,,,,,,
508,581094004,ETH-USD,3812.71,0.00254703,2024-12-12 01:44:55.723277+00:00,SELL,,,,,,
509,581093926,ETH-USD,3812.99,0.00003128,2024-12-12 01:44:40.510043+00:00,SELL,,,,,,
510,581093860,ETH-USD,3813.24,0.00009703,2024-12-12 01:44:25.633100+00:00,BUY,,,,,,
511,581093806,ETH-USD,3813.58,0.00142506,2024-12-12 01:44:10.786083+00:00,BUY,,,,,,
512,581093742,ETH-USD,3814.74,0.00418526,2024-12-12 01:43:55.936137+00:00,SELL,,,,,,
513,581093664,ETH-USD,3813.44,0.01243093,2024-12-12 01:43:40.230222+00:00,SELL,,,,,,
514,581093587,ETH-USD,3814.85,0.0122218,2024-12-12 01:43:25.203893+00:00,SELL,,,,,,
515,581093524,ETH-USD,3814.93,0.01699969,2024-12-12 01:43:10.970819+00:00,SELL,,,,,,
516,581093431,ETH-USD,3815.34,0.00050591,2024-12-12 01:42:55.985646+00:00,SELL,,,,,,
517,581093343,ETH-USD,3815.53,0.00233759,2024-12-12 01:42:40.676968+00:00,SELL,,,,,,
518,581093247,ETH-USD,3816.4,0.005,2024-12-12 01:42:24.865755+00:00,SELL,,,,,,
519,581093183,ETH-USD,3814.79,0.00176968,2024-12-12 01:42:10.508247+00:00,SELL,,,,,,
520,581093113,ETH-USD,3815.64,0.00518985,2024-12-12 01:41:55.740123+00:00,SELL,,,,,,
521,581093022,ETH-USD,3816.68,0.00592081,2024-12-12 01:41:40.997059+00:00,BUY,,,,,,
522,581092933,ETH-USD,3817.58,0.00518724,2024-12-12 01:41:25.501957+00:00,SELL,,,,,,
523,581092850,ETH-USD,3816.76,0.00010303,2024-12-12 01:41:09.810745+00:00,BUY,,,,,,
524,581092796,ETH-USD,3819.38,0.20227199,2024-12-12 01:40:54.976661+00:00,BUY,,,,,,
525,581092742,ETH-USD,3820.38,0.02079515,2024-12-12 01:40:40.735436+00:00,SELL,,,,,,
526,581092667,ETH-USD,3818.97,3,2024-12-12 01:40:25.849487+00:00,SELL,,,,,,
527,581092569,ETH-USD,3817.89,0.01242887,2024-12-12 01:40:10.635914+00:00,SELL,,,,,,
528,581092486,ETH-USD,3815.91,0.00610044,2024-12-12 01:39:55.949766+00:00,SELL,,,,,,
529,581092424,ETH-USD,3815.78,0.00030125,2024-12-12 01:39:40.392748+00:00,SELL,,,,,,
530,581092346,ETH-USD,3815.11,0.0328212,2024-12-12 01:39:25.748343+00:00,BUY,,,,,,
531,581092267,ETH-USD,3814.28,0.04774958,2024-12-12 01:39:10.212199+00:00,SELL,,,,,,
532,581092183,ETH-USD,3813.67,0.00763443,2024-12-12 01:38:54.423482+00:00,SELL,,,,,,
534,581092026,ETH-USD,3812.71,0.00021236,2024-12-12 01:38:25.828187+00:00,SELL,,,,,,
535,581091957,ETH-USD,3812.52,0.00169127,2024-12-12 01:38:10.747985+00:00,SELL,,,,,,
536,581091892,ETH-USD,3812.76,0.00211943,2024-12-12 01:37:55.854456+00:00,SELL,,,,,,
537,581091767,ETH-USD,3810.79,0.02069,2024-12-12 01:37:40.659987+00:00,SELL,,,,,,
538,581091703,ETH-USD,3810.82,0.03111259,2024-12-12 01:37:25.229893+00:00,BUY,,,,,,
539,581091661,ETH-USD,3811.56,0.03239504,2024-12-12 01:37:10.896768+00:00,BUY,,,,,,
540,581091601,ETH-USD,3811.88,0.000653,2024-12-12 01:36:55.413439+00:00,BUY,,,,,,
541,581091528,ETH-USD,3813.98,0.01196765,2024-12-12 01:36:40.562550+00:00,SELL,,,,,,
542,581091443,ETH-USD,3811.48,0.00257804,2024-12-12 01:36:25.789162+00:00,BUY,,,,,,
543,581091364,ETH-USD,3811.67,0.00041973,2024-12-12 01:36:10.828505+00:00,SELL,,,,,,
544,581091282,ETH-USD,3812.89,0.00482552,2024-12-12 01:35:55.630705+00:00,BUY,,,,,,
545,581091195,ETH-USD,3811.32,0.03239708,2024-12-12 01:35:40.356743+00:00,BUY,,,,,,
546,581091125,ETH-USD,3811.32,0.00043798,2024-12-12 01:35:25.959762+00:00,BUY,,,,,,
547,581091046,ETH-USD,3810.71,0.60687106,2024-12-12 01:35:10.788276+00:00,BUY,,,,,,
548,581090955,ETH-USD,3810.35,0.00029077,2024-12-12 01:34:55.676991+00:00,SELL,,,,,,
549,581090870,ETH-USD,3809.49,0.00041058,2024-12-12 01:34:39.872062+00:00,BUY,,,,,,
550,581090786,ETH-USD,3809.58,0.00087793,2024-12-12 01:34:25.786011+00:00,BUY,,,,,,
551,581090707,ETH-USD,3810.47,0.0324043,2024-12-12 01:34:10.971595+00:00,BUY,,,,,,
552,581090620,ETH-USD,3809.59,0.55960001,2024-12-12 01:33:55.888788+00:00,BUY,,,,,,
553,581090536,ETH-USD,3810.16,0.001,2024-12-12 01:33:40.127584+00:00,BUY,,,,,,
554,581090477,ETH-USD,3811.02,0.05283399,2024-12-12 01:33:25.720053+00:00,SELL,,,,,,
555,581090368,ETH-USD,3811.65,0.10948145,2024-12-12 01:33:10.578951+00:00,SELL,,,,,,
556,581090317,ETH-USD,3812.68,0.03238552,2024-12-12 01:32:55.872103+00:00,BUY,,,,,,
557,581090243,ETH-USD,3813.39,0.0003021,2024-12-12 01:32:40.493697+00:00,SELL,,,,,,
558,581090169,ETH-USD,3812.21,0.00260112,2024-12-12 01:32:25.921437+00:00,SELL,,,,,,
559,581090095,ETH-USD,3813.29,0.00067956,2024-12-12 01:32:10.271324+00:00,BUY,,,,,,
560,581090029,ETH-USD,3814.66,0.00413047,2024-12-12 01:31:55.055473+00:00,SELL,,,,,,
561,581089957,ETH-USD,3812.68,0.03895891,2024-12-12 01:31:40.801174+00:00,SELL,,,,,,
562,581089874,ETH-USD,3812.08,0.01244006,2024-12-12 01:31:25.462690+00:00,SELL,,,,,,
563,581089780,ETH-USD,3814.23,0.03199213,2024-12-12 01:31:10.691072+00:00,SELL,,,,,,
564,581089634,ETH-USD,3819.56,0.00183137,2024-12-12 01:30:55.939923+00:00,BUY,,,,,,
565,581089578,ETH-USD,3821.99,0.00328721,2024-12-12 01:30:40.294839+00:00,SELL,,,,,,
566,581089528,ETH-USD,3822.65,0.00039298,2024-12-12 01:30:25.393280+00:00,SELL,,,,,,
567,581089480,ETH-USD,3823.56,0.52164754,2024-12-12 01:30:10.817118+00:00,BUY,,,,,,
568,581089438,ETH-USD,3822.62,0.00034142,2024-12-12 01:29:55.479162+00:00,SELL,,,,,,
569,581089407,ETH-USD,3822.87,0.04822902,2024-12-12 01:29:40.618378+00:00,SELL,,,,,,
570,581089361,ETH-USD,3822.84,0.00100564,2024-12-12 01:29:25.736904+00:00,SELL,,,,,,
571,581089311,ETH-USD,3822.76,0.06609123,2024-12-12 01:29:10.726595+00:00,BUY,,,,,,
572,581089226,ETH-USD,3821.3,0.00045381,2024-12-12 01:28:55.106834+00:00,BUY,,,,,,
573,581089171,ETH-USD,3822.59,0.00038423,2024-12-12 01:28:40.248640+00:00,SELL,,,,,,
574,581089092,ETH-USD,3822.3,0.01295064,2024-12-12 01:28:25.980418+00:00,SELL,,,,,,
575,581089026,ETH-USD,3822.12,0.00518003,2024-12-12 01:28:10.553458+00:00,SELL,,,,,,
576,581088964,ETH-USD,3822.84,0.0336253,2024-12-12 01:27:55.586349+00:00,BUY,,,,,,
577,581088904,ETH-USD,3822.89,0.00000261,2024-12-12 01:27:40.471616+00:00,SELL,,,,,,
578,581088833,ETH-USD,3821.96,0.00152452,2024-12-12 01:27:25.448641+00:00,SELL,,,,,,
579,581088721,ETH-USD,3822.95,0.00479442,2024-12-12 01:27:10.077078+00:00,SELL,,,,,,
580,581088627,ETH-USD,3820.75,0.0003021,2024-12-12 01:26:55.274671+00:00,SELL,,,,,,
581,581088485,ETH-USD,3823.48,0.25161491,2024-12-12 01:26:40.848624+00:00,SELL,,,,,,
582,581088450,ETH-USD,3823.55,0.05005046,2024-12-12 01:26:25.471685+00:00,SELL,,,,,,
583,581088387,ETH-USD,3822.69,0.05211381,2024-12-12 01:26:10.344602+00:00,SELL,,,,,,
585,581088242,ETH-USD,3821.71,0.03494972,2024-12-12 01:25:40.560457+00:00,SELL,,,,,,
586,581088169,ETH-USD,3822.03,0.00702,2024-12-12 01:25:25.801542+00:00,BUY,,,,,,
587,581088121,ETH-USD,3822.0,0.53088001,2024-12-12 01:25:10.246342+00:00,BUY,,,,,,
588,581088073,ETH-USD,3821.32,0.0002617,2024-12-12 01:24:54.751114+00:00,SELL,,,,,,
589,581088030,ETH-USD,3822.19,0.00038327,2024-12-12 01:24:40.518894+00:00,SELL,,,,,,
590,581087983,ETH-USD,3822.14,0.03273474,2024-12-12 01:24:25.997379+00:00,SELL,,,,,,
591,581087910,ETH-USD,3819.87,0.109704,2024-12-12 01:24:10.980326+00:00,BUY,,,,,,
592,581087838,ETH-USD,3820.94,0.00725627,2024-12-12 01:23:55.381409+00:00,SELL,,,,,,
593,581087771,ETH-USD,3822.03,0.01275927,2024-12-12 01:23:40.761965+00:00,SELL,,,,,,
594,581087715,ETH-USD,3821.53,0.01109,2024-12-12 01:23:25.827930+00:00,BUY,,,,,,
595,581087641,ETH-USD,3820.15,0.00017379,2024-12-12 01:23:10.886824+00:00,SELL,,,,,,
596,581087552,ETH-USD,3821.96,0.02482497,2024-12-12 01:22:55.484692+00:00,SELL,,,,,,
598,581087293,ETH-USD,3821.43,0.00643,2024-12-12 01:22:25.501950+00:00,BUY,,,,,,
599,581087221,ETH-USD,3821.94,0.00002092,2024-12-12 01:22:10.912530+00:00,SELL,,,,,,
600,581087089,ETH-USD,3821.87,0.01288497,2024-12-12 01:21:55.856908+00:00,SELL,,,,,,
601,581086994,ETH-USD,3822.45,0.00726,2024-12-12 01:21:40.169363+00:00,BUY,,,,,,
602,581086864,ETH-USD,3825.53,0.01239412,2024-12-12 01:21:25.818272+00:00,SELL,,,,,,
603,581086747,ETH-USD,3826.03,0.0000418,2024-12-12 01:21:10.621330+00:00,SELL,,,,,,
604,581086711,ETH-USD,3825.81,0.05524936,2024-12-12 01:20:55.882941+00:00,BUY,,,,,,
605,581086664,ETH-USD,3825.7,0.08259,2024-12-12 01:20:40.417028+00:00,BUY,,,,,,
606,581086624,ETH-USD,3825.69,0.00034331,2024-12-12 01:20:25.562261+00:00,SELL,,,,,,
607,581086582,ETH-USD,3826.09,0.02479386,2024-12-12 01:20:10.368456+00:00,SELL,,,,,,
608,581086512,ETH-USD,3825.62,0.02698925,2024-12-12 01:19:54.379887+00:00,SELL,,,,,,
609,581086473,ETH-USD,3825.53,0.00683672,2024-12-12 01:19:40.519103+00:00,BUY,,,,,,
610,581086424,ETH-USD,3825.62,0.016,2024-12-12 01:19:25.034840+00:00,BUY,,,,,,
611,581086355,ETH-USD,3825.89,0.0004279,2024-12-12 01:19:10.625139+00:00,BUY,,,,,,
612,581086301,ETH-USD,3825.59,0.00103775,2024-12-12 01:18:54.715573+00:00,SELL,,,,,,
613,581086205,ETH-USD,3825.49,0.00067825,2024-12-12 01:18:40.941117+00:00,SELL,,,,,,
614,581086146,ETH-USD,3825.1,0.00207036,2024-12-12 01:18:25.416430+00:00,SELL,,,,,,
615,581086065,ETH-USD,3825.48,0.00066475,2024-12-12 01:18:10.968425+00:00,BUY,,,,,,
616,581086001,ETH-USD,3825.5,0.01242508,2024-12-12 01:17:55.006632+00:00,SELL,,,,,,
617,581085912,ETH-USD,3824.8,0.02492505,2024-12-12 01:17:40.644884+00:00,SELL,,,,,,
618,581085859,ETH-USD,3824.18,0.00248887,2024-12-12 01:17:25.259240+00:00,SELL,,,,,,
619,581085780,ETH-USD,3824.58,0.00017379,2024-12-12 01:17:10.813955+00:00,SELL,,,,,,
620,581085716,ETH-USD,3825.5,0.27320603,2024-12-12 01:16:54.630608+00:00,BUY,,,,,,
621,581085622,ETH-USD,3824.43,0.00839167,2024-12-12 01:16:40.781448+00:00,SELL,,,,,,
622,581085548,ETH-USD,3824.99,0.00746,2024-12-12 01:16:25.649395+00:00,BUY,,,,,,
623,581085446,ETH-USD,3823.28,0.01656443,2024-12-12 01:16:10.568493+00:00,BUY,,,,,,
624,581085378,ETH-USD,3822.65,0.50324,2024-12-12 01:15:54.222707+00:00,BUY,,,,,,
625,581085294,ETH-USD,3823.64,0.00746,2024-12-12 01:15:39.339118+00:00,BUY,,,,,,
626,581085218,ETH-USD,3823.14,0.00135085,2024-12-12 01:15:25.931953+00:00,BUY,,,,,,
627,581085121,ETH-USD,3822.9,0.00080209,2024-12-12 01:15:10.874056+00:00,BUY,,,,,,
628,581085044,ETH-USD,3823.88,0.00089282,2024-12-12 01:14:55.109009+00:00,BUY,,,,,,
629,581084966,ETH-USD,3822.92,0.010152,2024-12-12 01:14:40.899034+00:00,BUY,,,,,,
630,581084869,ETH-USD,3821.27,0.00113594,2024-12-12 01:14:25.120309+00:00,BUY,,,,,,
631,581084811,ETH-USD,3820.5,0.2072819,2024-12-12 01:14:10.774628+00:00,SELL,,,,,,
632,581084726,ETH-USD,3819.32,0.03735614,2024-12-12 01:13:55.901042+00:00,SELL,,,,,,
633,581084643,ETH-USD,3819.02,1.3823233,2024-12-12 01:13:40.443086+00:00,BUY,,,,,,
634,581084562,ETH-USD,3818.32,0.00044423,2024-12-12 01:13:25.923084+00:00,BUY,,,,,,
635,581084500,ETH-USD,3817.14,1.95418,2024-12-12 01:13:10.688506+00:00,BUY,,,,,,
636,581084430,ETH-USD,3818.78,0.00129605,2024-12-12 01:12:55.096121+00:00,SELL,,,,,,
637,581084308,ETH-USD,3818.52,0.49227713,2024-12-12 01:12:39.336794+00:00,BUY,,,,,,
638,581084235,ETH-USD,3818.33,0.00009166,2024-12-12 01:12:25.931820+00:00,BUY,,,,,,
639,581084170,ETH-USD,3817.08,0.00000887,2024-12-12 01:12:10.934178+00:00,SELL,,,,,,
640,581084101,ETH-USD,3815.57,0.01183418,2024-12-12 01:11:55.557622+00:00,BUY,,,,,,
641,581084050,ETH-USD,3815.19,0.00314393,2024-12-12 01:11:39.573007+00:00,SELL,,,,,,
642,581083987,ETH-USD,3815.86,0.0532,2024-12-12 01:11:25.576416+00:00,SELL,,,,,,
643,581083930,ETH-USD,3816.67,0.03764278,2024-12-12 01:11:10.834030+00:00,SELL,,,,,,
644,581083855,ETH-USD,3816.14,0.07035253,2024-12-12 01:10:55.756776+00:00,SELL,,,,,,
645,581083755,ETH-USD,3816.46,0.0007,2024-12-12 01:10:40.981039+00:00,BUY,,,,,,
646,581083646,ETH-USD,3818.05,0.00831448,2024-12-12 01:10:25.617686+00:00,SELL,,,,,,
647,581083547,ETH-USD,3816.42,0.00033063,2024-12-12 01:10:09.694856+00:00,SELL,,,,,,
648,581083480,ETH-USD,3816.54,0.02590629,2024-12-12 01:09:55.881333+00:00,SELL,,,,,,
649,581083413,ETH-USD,3817.8,0.0383543,2024-12-12 01:09:40.603907+00:00,BUY,,,,,,
650,581083368,ETH-USD,3819.6,0.00008901,2024-12-12 01:09:25.971867+00:00,BUY,,,,,,
651,581083319,ETH-USD,3818.3,0.00915705,2024-12-12 01:09:10.432641+00:00,BUY,,,,,,
652,581083260,ETH-USD,3820.06,0.28472826,2024-12-12 01:08:55.954536+00:00,BUY,,,,,,
653,581083201,ETH-USD,3819.94,0.12961934,2024-12-12 01:08:40.813876+00:00,SELL,,,,,,
654,581083133,ETH-USD,3817.17,0.00165074,2024-12-12 01:08:25.460622+00:00,SELL,,,,,,
655,581083029,ETH-USD,3819.28,0.00012008,2024-12-12 01:08:10.553373+00:00,SELL,,,,,,
656,581082969,ETH-USD,3818.66,0.00030093,2024-12-12 01:07:55.805063+00:00,SELL,,,,,,
657,581082905,ETH-USD,3820.56,0.09352221,2024-12-12 01:07:40.941350+00:00,BUY,,,,,,
658,581082845,ETH-USD,3821.43,0.01270937,2024-12-12 01:07:25.496646+00:00,SELL,,,,,,
659,581082754,ETH-USD,3821.82,0.00252242,2024-12-12 01:07:10.981684+00:00,SELL,,,,,,
660,581082672,ETH-USD,3822.67,2.0125,2024-12-12 01:06:55.286997+00:00,BUY,,,,,,
661,581082573,ETH-USD,3825.44,0.01391627,2024-12-12 01:06:40.144281+00:00,BUY,,,,,,
662,581082539,ETH-USD,3824.87,0.01242469,2024-12-12 01:06:25.852485+00:00,SELL,,,,,,
663,581082471,ETH-USD,3825.35,0.00405668,2024-12-12 01:06:10.752488+00:00,BUY,,,,,,
664,581082440,ETH-USD,3825.09,0.00430668,2024-12-12 01:05:55.504261+00:00,SELL,,,,,,
665,581082366,ETH-USD,3825.04,0.00365582,2024-12-12 01:05:40.001239+00:00,SELL,,,,,,
666,581082304,ETH-USD,3824.96,0.005,2024-12-12 01:05:25.817417+00:00,BUY,,,,,,
667,581082208,ETH-USD,3824.78,0.00602944,2024-12-12 01:05:10.657243+00:00,BUY,,,,,,
668,581082142,ETH-USD,3824.27,0.01307634,2024-12-12 01:04:55.835839+00:00,BUY,,,,,,
669,581082083,ETH-USD,3824.49,0.00034493,2024-12-12 01:04:40.678917+00:00,BUY,,,,,,
670,581082021,ETH-USD,3823.74,1.58747754,2024-12-12 01:04:25.435597+00:00,BUY,,,,,,
671,581081944,ETH-USD,3824.01,0.00608967,2024-12-12 01:04:10.166463+00:00,SELL,,,,,,
672,581081863,ETH-USD,3822.07,0.12711068,2024-12-12 01:03:55.804647+00:00,SELL,,,,,,
673,581081811,ETH-USD,3823.63,0.001,2024-12-12 01:03:40.298199+00:00,SELL,,,,,,
674,581081757,ETH-USD,3822.8,0.00409089,2024-12-12 01:03:25.812547+00:00,BUY,,,,,,
675,581081677,ETH-USD,3822.5,0.0097397,2024-12-12 01:03:10.481702+00:00,SELL,,,,,,
676,581081606,ETH-USD,3821.95,0.00792963,2024-12-12 01:02:55.477490+00:00,BUY,,,,,,
677,581081559,ETH-USD,3821.74,0.02126232,2024-12-12 01:02:40.806039+00:00,BUY,,,,,,
678,581081467,ETH-USD,3822.38,0.00069326,2024-12-12 01:02:25.882992+00:00,BUY,,,,,,
679,581081339,ETH-USD,3822.09,0.03850697,2024-12-12 01:02:10.953468+00:00,BUY,,,,,,
680,581081248,ETH-USD,3822.91,0.03918506,2024-12-12 01:01:55.921389+00:00,SELL,,,,,,
681,581081139,ETH-USD,3820.47,0.01588065,2024-12-12 01:01:40.852580+00:00,SELL,,,,,,
682,581081079,ETH-USD,3819.0,0.00017895,2024-12-12 01:01:25.909587+00:00,BUY,,,,,,
683,581081004,ETH-USD,3817.24,0.03888,2024-12-12 01:01:10.221138+00:00,SELL,,,,,,
684,581080908,ETH-USD,3816.41,0.00514041,2024-12-12 01:00:55.475263+00:00,SELL,,,,,,
685,581080852,ETH-USD,3817.38,0.65178218,2024-12-12 01:00:40.880784+00:00,BUY,,,,,,
686,581080736,ETH-USD,3819.29,0.00261402,2024-12-12 01:00:25.084758+00:00,SELL,,,,,,
687,581080666,ETH-USD,3820.73,0.03917829,2024-12-12 01:00:10.759159+00:00,BUY,,,,,,
688,581080573,ETH-USD,3820.18,0.00079339,2024-12-12 00:59:55.514779+00:00,BUY,,,,,,
689,581080534,ETH-USD,3820.25,0.0786,2024-12-12 00:59:40.941332+00:00,SELL,,,,,,
690,581080433,ETH-USD,3819.26,0.00023886,2024-12-12 00:59:25.798784+00:00,SELL,,,,,,
691,581080346,ETH-USD,3820.01,0.0008369,2024-12-12 00:59:10.518265+00:00,BUY,,,,,,
692,581080269,ETH-USD,3818.82,0.2,2024-12-12 00:58:54.994889+00:00,SELL,,,,,,
693,581080152,ETH-USD,3819.53,0.00088127,2024-12-12 00:58:40.885590+00:00,BUY,,,,,,
694,581080040,ETH-USD,3818.63,0.01982998,2024-12-12 00:58:25.313737+00:00,BUY,,,,,,
695,581079963,ETH-USD,3817.15,0.0003813,2024-12-12 00:58:10.631315+00:00,SELL,,,,,,
696,581079877,ETH-USD,3815.99,0.01840663,2024-12-12 00:57:55.882510+00:00,BUY,,,,,,
697,581079801,ETH-USD,3818.33,0.00080663,2024-12-12 00:57:40.072662+00:00,SELL,,,,,,
698,581079713,ETH-USD,3815.94,0.00126996,2024-12-12 00:57:24.836152+00:00,SELL,,,,,,
699,581079607,ETH-USD,3815.32,0.00034425,2024-12-12 00:57:10.522021+00:00,SELL,,,,,,
700,581079542,ETH-USD,3814.98,0.04015878,2024-12-12 00:56:55.967205+00:00,SELL,,,,,,
701,581079410,ETH-USD,3816.29,0.00131968,2024-12-12 00:56:40.950911+00:00,SELL,,,,,,
702,581079304,ETH-USD,3816.14,0.01030428,2024-12-12 00:56:25.944794+00:00,BUY,,,,,,
703,581079173,ETH-USD,3817.91,0.00014845,2024-12-12 00:56:09.958596+00:00,SELL,,,,,,
704,581079107,ETH-USD,3817.03,0.00985589,2024-12-12 00:55:55.740814+00:00,SELL,,,,,,
705,581079014,ETH-USD,3817.93,0.01328573,2024-12-12 00:55:40.678487+00:00,SELL,,,,,,
706,581078939,ETH-USD,3817.3,0.00518636,2024-12-12 00:55:24.810669+00:00,SELL,,,,,,
707,581078854,ETH-USD,3819.09,0.0236,2024-12-12 00:55:10.550647+00:00,SELL,,,,,,
708,581078783,ETH-USD,3817.98,0.00061465,2024-12-12 00:54:55.925713+00:00,BUY,,,,,,
709,581078675,ETH-USD,3818.73,0.005,2024-12-12 00:54:40.522574+00:00,BUY,,,,,,
710,581078614,ETH-USD,3820.0,0.01873607,2024-12-12 00:54:25.824261+00:00,BUY,,,,,,
711,581078556,ETH-USD,3821.8,0.02882702,2024-12-12 00:54:10.836649+00:00,BUY,,,,,,
712,581078454,ETH-USD,3823.09,0.01775122,2024-12-12 00:53:55.090111+00:00,SELL,,,,,,
713,581078348,ETH-USD,3821.39,0.00020141,2024-12-12 00:53:40.418176+00:00,SELL,,,,,,
714,581078227,ETH-USD,3817.38,0.00015721,2024-12-12 00:53:25.605453+00:00,SELL,,,,,,
715,581078160,ETH-USD,3815.12,0.0003815,2024-12-12 00:53:10.705461+00:00,SELL,,,,,,
716,581078077,ETH-USD,3814.88,0.00001048,2024-12-12 00:52:55.633066+00:00,SELL,,,,,,
717,581077980,ETH-USD,3812.52,0.00021237,2024-12-12 00:52:40.326446+00:00,SELL,,,,,,
718,581077827,ETH-USD,3812.03,0.00053386,2024-12-12 00:52:25.893255+00:00,SELL,,,,,,
719,581077739,ETH-USD,3811.97,0.00165396,2024-12-12 00:52:10.710985+00:00,SELL,,,,,,
720,581077647,ETH-USD,3810.41,0.00044579,2024-12-12 00:51:54.871597+00:00,BUY,,,,,,
721,581077525,ETH-USD,3810.06,0.94151526,2024-12-12 00:51:40.975391+00:00,SELL,,,,,,
722,581077432,ETH-USD,3813.73,0.00593854,2024-12-12 00:51:25.793094+00:00,SELL,,,,,,
723,581077327,ETH-USD,3813.19,0.02479834,2024-12-12 00:51:10.431383+00:00,SELL,,,,,,
724,581077258,ETH-USD,3811.94,0.00009275,2024-12-12 00:50:55.702934+00:00,SELL,,,,,,
725,581077163,ETH-USD,3811.94,0.0764683,2024-12-12 00:50:40.762424+00:00,SELL,,,,,,
726,581077086,ETH-USD,3813.93,0.0005744,2024-12-12 00:50:25.798942+00:00,BUY,,,,,,
727,581076958,ETH-USD,3810.86,0.02719928,2024-12-12 00:50:10.976568+00:00,SELL,,,,,,
728,581076844,ETH-USD,3811.02,0.00558753,2024-12-12 00:49:55.886498+00:00,SELL,,,,,,
729,581076731,ETH-USD,3811.85,0.57801255,2024-12-12 00:49:40.742823+00:00,BUY,,,,,,
730,581076575,ETH-USD,3813.45,1.02890451,2024-12-12 00:49:25.762270+00:00,SELL,,,,,,
731,581076477,ETH-USD,3817.3,0.0006141,2024-12-12 00:49:10.906224+00:00,SELL,,,,,,
732,581076387,ETH-USD,3817.54,0.084,2024-12-12 00:48:55.910922+00:00,BUY,,,,,,
733,581076254,ETH-USD,3815.68,0.00103533,2024-12-12 00:48:40.990850+00:00,BUY,,,,,,
734,581076114,ETH-USD,3816.74,0.00000568,2024-12-12 00:48:25.577874+00:00,BUY,,,,,,
735,581075909,ETH-USD,3819.1,0.13836812,2024-12-12 00:48:10.645556+00:00,BUY,,,,,,
736,581075825,ETH-USD,3820.39,0.00294698,2024-12-12 00:47:55.749597+00:00,BUY,,,,,,
737,581075684,ETH-USD,3821.6,0.01000283,2024-12-12 00:47:40.937510+00:00,BUY,,,,,,
738,581075531,ETH-USD,3824.83,0.25878342,2024-12-12 00:47:25.290305+00:00,BUY,,,,,,
739,581075478,ETH-USD,3824.71,0.01517831,2024-12-12 00:47:10.835445+00:00,SELL,,,,,,
740,581075319,ETH-USD,3821.42,0.00045034,2024-12-12 00:46:55.605213+00:00,BUY,,,,,,
741,581075258,ETH-USD,3822.53,0.00016054,2024-12-12 00:46:40.540312+00:00,SELL,,,,,,
742,581075154,ETH-USD,3821.69,0.00030071,2024-12-12 00:46:25.902266+00:00,SELL,,,,,,
743,581075052,ETH-USD,3821.64,0.02348641,2024-12-12 00:46:10.880467+00:00,SELL,,,,,,
744,581074912,ETH-USD,3823.15,0.37853134,2024-12-12 00:45:55.728916+00:00,SELL,,,,,,
745,581074850,ETH-USD,3824.58,0.00045167,2024-12-12 00:45:40.632642+00:00,BUY,,,,,,
746,581074765,ETH-USD,3825.23,0.00317988,2024-12-12 00:45:25.928095+00:00,SELL,,,,,,
747,581074626,ETH-USD,3823.97,0.11202962,2024-12-12 00:45:10.615321+00:00,BUY,,,,,,
748,581074522,ETH-USD,3824.01,0.00084893,2024-12-12 00:44:55.415011+00:00,SELL,,,,,,
749,581074463,ETH-USD,3824.81,0.00974553,2024-12-12 00:44:40.239799+00:00,BUY,,,,,,
750,581074386,ETH-USD,3826.58,0.01319531,2024-12-12 00:44:25.789675+00:00,SELL,,,,,,
751,581074340,ETH-USD,3826.95,0.0052362,2024-12-12 00:44:10.865723+00:00,BUY,,,,,,
752,581074275,ETH-USD,3826.68,0.00226309,2024-12-12 00:43:55.565944+00:00,BUY,,,,,,
753,581074203,ETH-USD,3826.15,0.00126946,2024-12-12 00:43:40.862148+00:00,SELL,,,,,,
754,581074081,ETH-USD,3825.57,0.01610498,2024-12-12 00:43:25.377709+00:00,SELL,,,,,,
755,581074013,ETH-USD,3826.94,0.001,2024-12-12 00:43:10.885247+00:00,BUY,,,,,,
756,581073894,ETH-USD,3828.94,0.00168575,2024-12-12 00:42:55.814476+00:00,SELL,,,,,,
757,581073849,ETH-USD,3829.64,0.00739761,2024-12-12 00:42:39.584156+00:00,SELL,,,,,,
758,581073737,ETH-USD,3828.86,0.02651269,2024-12-12 00:42:25.992909+00:00,BUY,,,,,,
759,581073655,ETH-USD,3828.79,0.01067642,2024-12-12 00:42:10.661323+00:00,SELL,,,,,,
760,581073549,ETH-USD,3827.63,0.00101271,2024-12-12 00:41:55.663989+00:00,SELL,,,,,,
761,581073467,ETH-USD,3828.8,0.00176972,2024-12-12 00:41:39.688168+00:00,SELL,,,,,,
762,581073420,ETH-USD,3829.22,0.00980843,2024-12-12 00:41:25.994305+00:00,SELL,,,,,,
763,581073289,ETH-USD,3828.05,0.00522413,2024-12-12 00:41:10.949519+00:00,BUY,,,,,,
764,581073225,ETH-USD,3827.93,0.00026121,2024-12-12 00:40:55.205171+00:00,SELL,,,,,,
765,581073163,ETH-USD,3828.6,0.79134307,2024-12-12 00:40:40.098949+00:00,BUY,,,,,,
766,581073091,ETH-USD,3828.48,0.4614539,2024-12-12 00:40:25.942046+00:00,BUY,,,,,,
767,581073002,ETH-USD,3827.59,0.06135776,2024-12-12 00:40:10.804285+00:00,SELL,,,,,,
768,581072908,ETH-USD,3827.16,0.001,2024-12-12 00:39:55.933978+00:00,SELL,,,,,,
769,581072806,ETH-USD,3825.53,0.00983418,2024-12-12 00:39:40.439074+00:00,SELL,,,,,,
770,581072740,ETH-USD,3826.48,0.0567723,2024-12-12 00:39:25.980882+00:00,BUY,,,,,,
771,581072640,ETH-USD,3825.98,0.01241784,2024-12-12 00:39:10.722407+00:00,SELL,,,,,,
772,581072534,ETH-USD,3828.63,0.02638431,2024-12-12 00:38:54.887291+00:00,SELL,,,,,,
773,581072470,ETH-USD,3827.67,0.01,2024-12-12 00:38:40.742027+00:00,BUY,,,,,,
774,581072392,ETH-USD,3829.78,0.00555868,2024-12-12 00:38:25.583274+00:00,SELL,,,,,,
775,581072274,ETH-USD,3830.57,0.00860708,2024-12-12 00:38:10.981036+00:00,BUY,,,,,,
776,581072199,ETH-USD,3832.73,0.00124419,2024-12-12 00:37:55.252737+00:00,SELL,,,,,,
777,581072110,ETH-USD,3832.8,0.00021434,2024-12-12 00:37:40.737156+00:00,SELL,,,,,,
778,581072026,ETH-USD,3831.05,0.01,2024-12-12 00:37:25.682085+00:00,SELL,,,,,,
779,581071915,ETH-USD,3830.63,0.02060928,2024-12-12 00:37:10.816364+00:00,BUY,,,,,,
780,581071818,ETH-USD,3829.28,0.00258469,2024-12-12 00:36:55.021226+00:00,SELL,,,,,,
781,581071765,ETH-USD,3830.49,0.0000026,2024-12-12 00:36:40.905348+00:00,SELL,,,,,,
782,581071659,ETH-USD,3829.28,0.00560698,2024-12-12 00:36:25.783783+00:00,SELL,,,,,,
783,581071575,ETH-USD,3829.14,0.04666867,2024-12-12 00:36:10.606051+00:00,BUY,,,,,,
785,581071448,ETH-USD,3827.95,0.00030019,2024-12-12 00:35:40.749899+00:00,SELL,,,,,,
786,581071391,ETH-USD,3829.56,0.01,2024-12-12 00:35:25.173495+00:00,SELL,,,,,,
787,581071303,ETH-USD,3827.82,0.00001169,2024-12-12 00:35:10.719837+00:00,BUY,,,,,,
788,581071245,ETH-USD,3829.8,0.00272464,2024-12-12 00:34:55.767599+00:00,SELL,,,,,,
789,581071185,ETH-USD,3828.68,0.00043727,2024-12-12 00:34:40.564543+00:00,BUY,,,,,,
790,581071136,ETH-USD,3830.47,0.04128007,2024-12-12 00:34:24.890936+00:00,BUY,,,,,,
791,581071072,ETH-USD,3831.4,0.0124076,2024-12-12 00:34:09.846352+00:00,SELL,,,,,,
792,581070968,ETH-USD,3829.36,0.0000869,2024-12-12 00:33:55.765937+00:00,SELL,,,,,,
793,581070934,ETH-USD,3830.89,0.03708637,2024-12-12 00:33:39.323570+00:00,BUY,,,,,,
794,581070767,ETH-USD,3830.19,0.001509,2024-12-12 00:33:25.952433+00:00,SELL,,,,,,
795,581070714,ETH-USD,3829.52,0.16867079,2024-12-12 00:33:10.901262+00:00,BUY,,,,,,
796,581070592,ETH-USD,3829.15,0.01,2024-12-12 00:32:55.995406+00:00,SELL,,,,,,
797,581070494,ETH-USD,3830.19,0.0514,2024-12-12 00:32:40.484730+00:00,SELL,,,,,,
798,581070424,ETH-USD,3829.16,0.00568538,2024-12-12 00:32:25.601302+00:00,SELL,,,,,,
799,581070336,ETH-USD,3827.85,0.00607892,2024-12-12 00:32:10.547120+00:00,SELL,,,,,,
800,581070251,ETH-USD,3830.0,0.00129313,2024-12-12 00:31:55.842047+00:00,SELL,,,,,,
801,581070150,ETH-USD,3826.68,0.00004318,2024-12-12 00:31:40.649886+00:00,SELL,,,,,,
802,581070034,ETH-USD,3825.94,0.0027312,2024-12-12 00:31:25.950106+00:00,SELL,,,,,,
803,581069926,ETH-USD,3826.75,0.0023306,2024-12-12 00:31:10.834199+00:00,SELL,,,,,,
804,581069850,ETH-USD,3827.87,0.00075455,2024-12-12 00:30:55.759810+00:00,SELL,,,,,,
805,581069749,ETH-USD,3824.54,0.04162,2024-12-12 00:30:39.980708+00:00,SELL,,,,,,
806,581069694,ETH-USD,3824.28,0.0414,2024-12-12 00:30:25.890279+00:00,SELL,,,,,,
807,581069572,ETH-USD,3823.8,0.03016302,2024-12-12 00:30:10.867290+00:00,BUY,,,,,,
808,581069446,ETH-USD,3820.8,0.002,2024-12-12 00:29:55.886665+00:00,SELL,,,,,,
809,581069388,ETH-USD,3821.09,0.0061767,2024-12-12 00:29:40.818139+00:00,SELL,,,,,,
810,581069364,ETH-USD,3821.1,0.00225392,2024-12-12 00:29:25.954481+00:00,BUY,,,,,,
811,581069279,ETH-USD,3820.19,0.41056968,2024-12-12 00:29:10.762620+00:00,BUY,,,,,,
812,581069128,ETH-USD,3823.92,0.49568661,2024-12-12 00:28:55.452631+00:00,BUY,,,,,,
813,581069049,ETH-USD,3822.64,0.0331231,2024-12-12 00:28:40.547674+00:00,SELL,,,,,,
814,581068991,ETH-USD,3824.26,0.01,2024-12-12 00:28:25.693943+00:00,BUY,,,,,,
815,581068875,ETH-USD,3824.69,0.00030098,2024-12-12 00:28:10.612795+00:00,BUY,,,,,,
816,581068784,ETH-USD,3824.99,1.30719534,2024-12-12 00:27:55.553635+00:00,SELL,,,,,,
817,581068657,ETH-USD,3826.22,0.00129377,2024-12-12 00:27:40.728597+00:00,SELL,,,,,,
818,581068577,ETH-USD,3827.28,0.56373925,2024-12-12 00:27:24.930671+00:00,SELL,,,,,,
820,581068414,ETH-USD,3830.98,0.00041966,2024-12-12 00:26:54.976774+00:00,BUY,,,,,,
821,581068358,ETH-USD,3831.16,0.0006551,2024-12-12 00:26:40.584689+00:00,BUY,,,,,,
822,581068278,ETH-USD,3830.11,0.09250059,2024-12-12 00:26:25.710839+00:00,BUY,,,,,,
823,581068208,ETH-USD,3829.1,0.00883521,2024-12-12 00:26:10.995212+00:00,SELL,,,,,,
824,581068122,ETH-USD,3831.49,0.00068382,2024-12-12 00:25:55.952897+00:00,BUY,,,,,,
825,581068014,ETH-USD,3829.12,0.00167911,2024-12-12 00:25:40.215086+00:00,BUY,,,,,,
826,581067962,ETH-USD,3829.31,0.0229874,2024-12-12 00:25:25.830953+00:00,BUY,,,,,,
828,581067771,ETH-USD,3828.64,0.02243278,2024-12-12 00:24:55.507299+00:00,SELL,,,,,,
829,581067704,ETH-USD,3829.38,0.00232874,2024-12-12 00:24:40.689428+00:00,SELL,,,,,,
830,581067626,ETH-USD,3829.99,0.00013058,2024-12-12 00:24:25.889729+00:00,SELL,,,,,,
831,581067572,ETH-USD,3829.86,0.00012007,2024-12-12 00:24:10.604169+00:00,BUY,,,,,,
832,581067524,ETH-USD,3831.68,0.01015387,2024-12-12 00:23:55.875223+00:00,SELL,,,,,,
833,581067430,ETH-USD,3830.55,0.04335589,2024-12-12 00:23:40.810462+00:00,BUY,,,,,,
834,581067342,ETH-USD,3831.86,0.01,2024-12-12 00:23:25.079357+00:00,SELL,,,,,,
835,581067290,ETH-USD,3833.05,0.00126026,2024-12-12 00:23:10.275548+00:00,BUY,,,,,,
836,581067218,ETH-USD,3832.58,0.14513722,2024-12-12 00:22:55.326068+00:00,SELL,,,,,,
837,581067152,ETH-USD,3832.58,0.0283778,2024-12-12 00:22:40.656767+00:00,SELL,,,,,,
838,581067061,ETH-USD,3829.98,0.02126427,2024-12-12 00:22:25.958985+00:00,SELL,,,,,,
839,581067012,ETH-USD,3831.43,0.08172545,2024-12-12 00:22:10.588688+00:00,BUY,,,,,,
840,581066931,ETH-USD,3831.17,0.00889307,2024-12-12 00:21:55.602881+00:00,SELL,,,,,,
841,581066851,ETH-USD,3832.43,0.00063167,2024-12-12 00:21:40.685542+00:00,SELL,,,,,,
842,581066725,ETH-USD,3835.32,0.06451991,2024-12-12 00:21:25.541647+00:00,SELL,,,,,,
843,581066642,ETH-USD,3834.35,0.02849909,2024-12-12 00:21:10.957313+00:00,SELL,,,,,,
844,581066558,ETH-USD,3837.23,0.06172924,2024-12-12 00:20:55.770577+00:00,SELL,,,,,,
845,581066501,ETH-USD,3837.61,0.00243801,2024-12-12 00:20:40.035267+00:00,SELL,,,,,,
846,581066415,ETH-USD,3838.12,0.03701366,2024-12-12 00:20:25.901666+00:00,SELL,,,,,,
847,581066302,ETH-USD,3839.03,0.00802456,2024-12-12 00:20:10.427047+00:00,BUY,,,,,,
848,581066205,ETH-USD,3838.93,0.00056266,2024-12-12 00:19:55.664033+00:00,BUY,,,,,,
849,581066131,ETH-USD,3839.36,0.04446978,2024-12-12 00:19:40.641543+00:00,BUY,,,,,,
850,581066025,ETH-USD,3837.99,0.00029966,2024-12-12 00:19:25.608455+00:00,SELL,,,,,,
851,581065900,ETH-USD,3837.55,0.00657934,2024-12-12 00:19:10.736970+00:00,BUY,,,,,,
852,581065837,ETH-USD,3837.78,0.00077489,2024-12-12 00:18:55.308137+00:00,SELL,,,,,,
853,581065752,ETH-USD,3836.51,0.00001303,2024-12-12 00:18:40.966941+00:00,SELL,,,,,,
854,581065710,ETH-USD,3837.59,0.36573469,2024-12-12 00:18:25.976776+00:00,BUY,,,,,,
855,581065617,ETH-USD,3836.13,0.04450722,2024-12-12 00:18:10.410318+00:00,BUY,,,,,,
856,581065536,ETH-USD,3836.73,0.0000062,2024-12-12 00:17:55.789838+00:00,SELL,,,,,,
857,581065461,ETH-USD,3836.72,1.10548112,2024-12-12 00:17:40.808657+00:00,BUY,,,,,,
858,581065385,ETH-USD,3835.25,0.00645653,2024-12-12 00:17:25.812860+00:00,SELL,,,,,,
859,581065300,ETH-USD,3831.87,0.01116143,2024-12-12 00:17:10.628410+00:00,BUY,,,,,,
860,581065142,ETH-USD,3834.63,0.63274818,2024-12-12 00:16:55.222637+00:00,BUY,,,,,,
861,581065038,ETH-USD,3831.02,0.05613381,2024-12-12 00:16:40.967986+00:00,SELL,,,,,,
862,581064954,ETH-USD,3830.32,0.00003209,2024-12-12 00:16:25.813172+00:00,SELL,,,,,,
863,581064830,ETH-USD,3828.23,0.04551639,2024-12-12 00:16:10.893415+00:00,BUY,,,,,,
864,581064745,ETH-USD,3830.76,1.30522402,2024-12-12 00:15:55.223974+00:00,SELL,,,,,,
865,581064676,ETH-USD,3829.7,0.00034282,2024-12-12 00:15:40.621588+00:00,SELL,,,,,,
866,581064581,ETH-USD,3830.9,0.04548467,2024-12-12 00:15:25.156785+00:00,BUY,,,,,,
867,581064513,ETH-USD,3831.29,0.00406,2024-12-12 00:15:10.696174+00:00,BUY,,,,,,
868,581064420,ETH-USD,3833.02,0.04546698,2024-12-12 00:14:55.484203+00:00,SELL,,,,,,
869,581064300,ETH-USD,3830.63,1.29382776,2024-12-12 00:14:39.435382+00:00,SELL,,,,,,
870,581064142,ETH-USD,3828.61,0.15665,2024-12-12 00:14:25.727628+00:00,BUY,,,,,,
871,581064081,ETH-USD,3829.88,0.00607758,2024-12-12 00:14:10.293657+00:00,SELL,,,,,,
872,581063970,ETH-USD,3829.03,0.0455092,2024-12-12 00:13:55.856320+00:00,SELL,,,,,,
873,581063891,ETH-USD,3828.49,0.00062215,2024-12-12 00:13:40.807902+00:00,SELL,,,,,,
874,581063806,ETH-USD,3830.15,0.08784448,2024-12-12 00:13:24.731991+00:00,BUY,,,,,,
875,581063730,ETH-USD,3830.95,0.0378785,2024-12-12 00:13:10.762308+00:00,BUY,,,,,,
876,581063641,ETH-USD,3830.39,1.10845529,2024-12-12 00:12:55.948453+00:00,BUY,,,,,,
877,581063560,ETH-USD,3830.46,0.00001043,2024-12-12 00:12:40.925569+00:00,SELL,,,,,,
878,581063498,ETH-USD,3830.44,0.04043095,2024-12-12 00:12:25.802555+00:00,BUY,,,,,,
879,581063384,ETH-USD,3827.62,0.00856901,2024-12-12 00:12:10.741623+00:00,SELL,,,,,,
880,581063240,ETH-USD,3827.76,0.0247756,2024-12-12 00:11:55.742362+00:00,SELL,,,,,,
881,581063131,ETH-USD,3826.96,0.01952201,2024-12-12 00:11:40.282897+00:00,SELL,,,,,,
882,581063054,ETH-USD,3828.16,0.00072123,2024-12-12 00:11:25.978116+00:00,BUY,,,,,,
883,581062979,ETH-USD,3827.36,0.01300518,2024-12-12 00:11:10.762526+00:00,BUY,,,,,,
884,581062833,ETH-USD,3827.21,0.49028043,2024-12-12 00:10:55.855380+00:00,BUY,,,,,,
885,581062732,ETH-USD,3829.48,0.00902982,2024-12-12 00:10:40.965055+00:00,SELL,,,,,,
886,581062607,ETH-USD,3829.97,0.000428,2024-12-12 00:10:25.265699+00:00,SELL,,,,,,
887,581062532,ETH-USD,3831.92,0.01943427,2024-12-12 00:10:10.715917+00:00,BUY,,,,,,
888,581062444,ETH-USD,3831.91,0.00001566,2024-12-12 00:09:55.669490+00:00,BUY,,,,,,
889,581062366,ETH-USD,3833.91,0.00167238,2024-12-12 00:09:40.962502+00:00,BUY,,,,,,
890,581062266,ETH-USD,3834.53,0.02600672,2024-12-12 00:09:25.765112+00:00,BUY,,,,,,
891,581062151,ETH-USD,3835.21,0.04637081,2024-12-12 00:09:10.530525+00:00,SELL,,,,,,
892,581062031,ETH-USD,3832.71,0.00202444,2024-12-12 00:08:55.279732+00:00,SELL,,,,,,
893,581061941,ETH-USD,3831.91,0.04358158,2024-12-12 00:08:40.953440+00:00,BUY,,,,,,
894,581061851,ETH-USD,3832.15,0.00154732,2024-12-12 00:08:25.992904+00:00,BUY,,,,,,
895,581061744,ETH-USD,3832.62,0.00067782,2024-12-12 00:08:10.699120+00:00,BUY,,,,,,
896,581061658,ETH-USD,3833.72,0.00099183,2024-12-12 00:07:54.105146+00:00,SELL,,,,,,
897,581061574,ETH-USD,3831.56,0.00068382,2024-12-12 00:07:40.872288+00:00,BUY,,,,,,
898,581061502,ETH-USD,3830.41,0.00043581,2024-12-12 00:07:24.910892+00:00,BUY,,,,,,
899,581061397,ETH-USD,3831.61,0.01683311,2024-12-12 00:07:10.988623+00:00,BUY,,,,,,
900,581061311,ETH-USD,3832.27,0.0085684,2024-12-12 00:06:55.592787+00:00,SELL,,,,,,
901,581061210,ETH-USD,3833.44,0.06335692,2024-12-12 00:06:40.780628+00:00,SELL,,,,,,
902,581061126,ETH-USD,3832.33,0.0003444,2024-12-12 00:06:25.757522+00:00,BUY,,,,,,
903,581061050,ETH-USD,3830.95,0.00026097,2024-12-12 00:06:10.517035+00:00,SELL,,,,,,
904,581060889,ETH-USD,3830.22,0.01241554,2024-12-12 00:05:55.998273+00:00,SELL,,,,,,
905,581060793,ETH-USD,3827.61,0.00160432,2024-12-12 00:05:40.504024+00:00,SELL,,,,,,
906,581060626,ETH-USD,3825.36,0.00025372,2024-12-12 00:05:25.611383+00:00,SELL,,,,,,
907,581060550,ETH-USD,3825.27,0.00215228,2024-12-12 00:05:10.883311+00:00,BUY,,,,,,
908,581060422,ETH-USD,3827.1,0.00304131,2024-12-12 00:04:55.834723+00:00,SELL,,,,,,
909,581060337,ETH-USD,3826.84,0.00000357,2024-12-12 00:04:40.999655+00:00,BUY,,,,,,
910,581060250,ETH-USD,3827.63,0.0045,2024-12-12 00:04:25.261428+00:00,SELL,,,,,,
911,581060178,ETH-USD,3828.53,0.02324588,2024-12-12 00:04:10.782744+00:00,SELL,,,,,,
912,581060109,ETH-USD,3828.9,0.00000522,2024-12-12 00:03:55.764512+00:00,SELL,,,,,,
913,581059987,ETH-USD,3826.75,0.00959254,2024-12-12 00:03:40.287234+00:00,BUY,,,,,,
914,581059838,ETH-USD,3829.56,0.00851879,2024-12-12 00:03:25.988245+00:00,SELL,,,,,,
915,581059778,ETH-USD,3829.61,0.00288848,2024-12-12 00:03:10.791642+00:00,SELL,,,,,,
916,581059667,ETH-USD,3828.37,0.51009605,2024-12-12 00:02:55.892523+00:00,BUY,,,,,,
917,581059561,ETH-USD,3831.71,0.001,2024-12-12 00:02:39.869043+00:00,BUY,,,,,,
918,581059492,ETH-USD,3832.51,6.93752598,2024-12-12 00:02:25.918864+00:00,BUY,,,,,,
919,581059386,ETH-USD,3835.35,0.00084812,2024-12-12 00:02:10.871631+00:00,SELL,,,,,,
920,581059288,ETH-USD,3835.4,0.000185,2024-12-12 00:01:55.843899+00:00,BUY,,,,,,
921,581059194,ETH-USD,3835.77,0.00084295,2024-12-12 00:01:40.526362+00:00,SELL,,,,,,
922,581059061,ETH-USD,3835.91,0.27844863,2024-12-12 00:01:25.526099+00:00,BUY,,,,,,
923,581059011,ETH-USD,3835.14,0.00028708,2024-12-12 00:01:10.513032+00:00,SELL,,,,,,
924,581058934,ETH-USD,3835.49,0.00131318,2024-12-12 00:00:55.908911+00:00,BUY,,,,,,
925,581058837,ETH-USD,3836.06,0.00889957,2024-12-12 00:00:40.691782+00:00,SELL,,,,,,
926,581058696,ETH-USD,3834.72,0.00010426,2024-12-12 00:00:25.677589+00:00,SELL,,,,,,
928,581058561,ETH-USD,3834.96,0.00838997,2024-12-11 23:59:55.914835+00:00,SELL,,,,,,
929,581058491,ETH-USD,3834.31,0.00788424,2024-12-11 23:59:39.435249+00:00,SELL,,,,,,
930,581058436,ETH-USD,3834.17,0.00002628,2024-12-11 23:59:25.640481+00:00,BUY,,,,,,
931,581058334,ETH-USD,3834.52,0.00017994,2024-12-11 23:59:10.326197+00:00,BUY,,,,,,
932,581058291,ETH-USD,3834.67,0.00008866,2024-12-11 23:58:55.315878+00:00,BUY,,,,,,
933,581058186,ETH-USD,3833.52,0.01228509,2024-12-11 23:58:40.961185+00:00,SELL,,,,,,
934,581058116,ETH-USD,3833.6,0.00129131,2024-12-11 23:58:25.794185+00:00,BUY,,,,,,
935,581058040,ETH-USD,3833.89,0.01639751,2024-12-11 23:58:09.450734+00:00,SELL,,,,,,
936,581057912,ETH-USD,3833.17,0.11390293,2024-12-11 23:57:55.219691+00:00,SELL,,,,,,
937,581057860,ETH-USD,3832.41,0.00574525,2024-12-11 23:57:40.853705+00:00,BUY,,,,,,
938,581057813,ETH-USD,3832.67,0.01147836,2024-12-11 23:57:25.664652+00:00,BUY,,,,,,
939,581057784,ETH-USD,3832.68,0.02685799,2024-12-11 23:57:10.909453+00:00,BUY,,,,,,
940,581057687,ETH-USD,3833.49,0.05472166,2024-12-11 23:56:55.855552+00:00,SELL,,,,,,
941,581057626,ETH-USD,3834.09,0.02419621,2024-12-11 23:56:40.809803+00:00,SELL,,,,,,
942,581057561,ETH-USD,3834.0,0.00295446,2024-12-11 23:56:25.461979+00:00,SELL,,,,,,
943,581057528,ETH-USD,3834.03,0.0633695,2024-12-11 23:56:10.311100+00:00,SELL,,,,,,
944,581057489,ETH-USD,3833.81,0.00253396,2024-12-11 23:55:55.497712+00:00,SELL,,,,,,
945,581057424,ETH-USD,3833.98,0.18080022,2024-12-11 23:55:39.627400+00:00,SELL,,,,,,
946,581057303,ETH-USD,3832.06,0.31583333,2024-12-11 23:55:25.482298+00:00,SELL,,,,,,
947,581057197,ETH-USD,3831.64,0.0046106,2024-12-11 23:55:10.807594+00:00,BUY,,,,,,
948,581057123,ETH-USD,3831.2,0.0045,2024-12-11 23:54:54.884824+00:00,SELL,,,,,,
949,581057080,ETH-USD,3830.83,0.00001068,2024-12-11 23:54:39.828927+00:00,SELL,,,,,,
950,581057016,ETH-USD,3831.29,0.0263656,2024-12-11 23:54:25.499472+00:00,BUY,,,,,,
951,581056946,ETH-USD,3830.37,0.02476338,2024-12-11 23:54:10.986193+00:00,SELL,,,,,,
952,581056843,ETH-USD,3831.18,0.00155849,2024-12-11 23:53:55.059479+00:00,SELL,,,,,,
953,581056756,ETH-USD,3829.95,0.00060631,2024-12-11 23:53:39.577012+00:00,BUY,,,,,,
954,581056691,ETH-USD,3829.48,0.00056808,2024-12-11 23:53:25.746194+00:00,BUY,,,,,,
955,581056642,ETH-USD,3830.32,0.00206249,2024-12-11 23:53:10.171106+00:00,BUY,,,,,,
956,581056539,ETH-USD,3830.29,0.00030016,2024-12-11 23:52:55.686212+00:00,SELL,,,,,,
957,581056387,ETH-USD,3829.46,0.00426136,2024-12-11 23:52:40.545270+00:00,SELL,,,,,,
958,581056277,ETH-USD,3827.48,0.00656422,2024-12-11 23:52:25.575801+00:00,BUY,,,,,,
959,581056217,ETH-USD,3828.03,0.00155167,2024-12-11 23:52:10.659883+00:00,SELL,,,,,,
960,581056133,ETH-USD,3828.03,0.00478691,2024-12-11 23:51:55.764746+00:00,SELL,,,,,,
961,581056062,ETH-USD,3828.35,0.02971949,2024-12-11 23:51:40.785852+00:00,SELL,,,,,,
962,581056002,ETH-USD,3828.92,0.5361749,2024-12-11 23:51:25.983688+00:00,BUY,,,,,,
963,581055881,ETH-USD,3829.97,0.36591464,2024-12-11 23:51:10.973263+00:00,BUY,,,,,,
964,581055787,ETH-USD,3829.32,0.00708011,2024-12-11 23:50:55.522575+00:00,SELL,,,,,,
965,581055687,ETH-USD,3830.78,0.00065446,2024-12-11 23:50:40.992097+00:00,BUY,,,,,,
966,581055606,ETH-USD,3831.96,0.00025549,2024-12-11 23:50:25.676962+00:00,SELL,,,,,,
967,581055529,ETH-USD,3831.66,0.00148514,2024-12-11 23:50:10.515600+00:00,SELL,,,,,,
968,581055486,ETH-USD,3832.19,0.04036957,2024-12-11 23:49:54.907407+00:00,SELL,,,,,,
969,581055366,ETH-USD,3831.81,0.01237574,2024-12-11 23:49:40.535687+00:00,SELL,,,,,,
970,581055336,ETH-USD,3831.81,0.00894301,2024-12-11 23:49:25.998917+00:00,SELL,,,,,,
971,581055256,ETH-USD,3830.98,0.01360692,2024-12-11 23:49:10.068039+00:00,SELL,,,,,,
972,581055116,ETH-USD,3830.5,0.00646175,2024-12-11 23:48:55.630585+00:00,SELL,,,,,,
973,581055069,ETH-USD,3830.9,0.00246009,2024-12-11 23:48:40.853920+00:00,SELL,,,,,,
974,581055036,ETH-USD,3830.99,0.24769873,2024-12-11 23:48:25.996713+00:00,SELL,,,,,,
975,581054967,ETH-USD,3831.69,0.046766,2024-12-11 23:48:10.201810+00:00,BUY,,,,,,
976,581054937,ETH-USD,3831.51,0.00495337,2024-12-11 23:47:55.785395+00:00,BUY,,,,,,
977,581054842,ETH-USD,3830.9,0.0072379,2024-12-11 23:47:40.965127+00:00,SELL,,,,,,
978,581054757,ETH-USD,3831.09,0.00039553,2024-12-11 23:47:25.078735+00:00,BUY,,,,,,
979,581054658,ETH-USD,3831.3,0.00845132,2024-12-11 23:47:10.955781+00:00,BUY,,,,,,
980,581054584,ETH-USD,3832.46,0.49994722,2024-12-11 23:46:55.966103+00:00,BUY,,,,,,
982,581054454,ETH-USD,3834.45,0.01586004,2024-12-11 23:46:24.799698+00:00,SELL,,,,,,
983,581054270,ETH-USD,3832.76,0.00232724,2024-12-11 23:46:10.620443+00:00,SELL,,,,,,
984,581054225,ETH-USD,3833.13,0.12520948,2024-12-11 23:45:55.873327+00:00,BUY,,,,,,
985,581054154,ETH-USD,3833.65,0.00000822,2024-12-11 23:45:40.919322+00:00,BUY,,,,,,
986,581054080,ETH-USD,3832.7,0.31051345,2024-12-11 23:45:25.572880+00:00,BUY,,,,,,
987,581054015,ETH-USD,3832.59,0.00232722,2024-12-11 23:45:10.694684+00:00,SELL,,,,,,
988,581053911,ETH-USD,3832.57,0.04428709,2024-12-11 23:44:55.889496+00:00,SELL,,,,,,
989,581053822,ETH-USD,3835.0,0.00078989,2024-12-11 23:44:40.784987+00:00,BUY,,,,,,
990,581053731,ETH-USD,3836.02,2.63659416,2024-12-11 23:44:25.047684+00:00,BUY,,,,,,
991,581053689,ETH-USD,3836.44,2.14412927,2024-12-11 23:44:10.729123+00:00,BUY,,,,,,
992,581053613,ETH-USD,3837.17,0.18403174,2024-12-11 23:43:55.956139+00:00,BUY,,,,,,
993,581053545,ETH-USD,3837.18,0.01648301,2024-12-11 23:43:40.299615+00:00,SELL,,,,,,
994,581053496,ETH-USD,3838.08,0.6,2024-12-11 23:43:25.970621+00:00,BUY,,,,,,
995,581053428,ETH-USD,3838.12,0.00629889,2024-12-11 23:43:10.992605+00:00,BUY,,,,,,
996,581053331,ETH-USD,3838.06,0.01867977,2024-12-11 23:42:55.779971+00:00,SELL,,,,,,
997,581053253,ETH-USD,3837.2,0.44300756,2024-12-11 23:42:40.960192+00:00,BUY,,,,,,
998,581053213,ETH-USD,3837.3,0.0000052,2024-12-11 23:42:25.174874+00:00,SELL,,,,,,
999,581053174,ETH-USD,3837.37,0.64109521,2024-12-11 23:42:09.709151+00:00,BUY,,,,,,
1000,581053092,ETH-USD,3837.84,0.09877964,2024-12-11 23:41:55.703778+00:00,BUY,,,,,,
1001,581052946,ETH-USD,3836.68,0.00037116,2024-12-11 23:41:39.830446+00:00,SELL,,,,,,
1002,581052898,ETH-USD,3836.39,0.0008111,2024-12-11 23:41:25.950567+00:00,BUY,,,,,,
1003,581052852,ETH-USD,3837.54,0.04642233,2024-12-11 23:41:10.922700+00:00,BUY,,,,,,
1004,581052751,ETH-USD,3837.14,0.00065537,2024-12-11 23:40:55.063432+00:00,BUY,,,,,,
1005,581052691,ETH-USD,3837.25,0.00001601,2024-12-11 23:40:40.228109+00:00,SELL,,,,,,
1006,2024-12-11T23:40:25.945Z-ETH/USD-3840.3-0.01,ETH-USD,3840.3,0.01,2024-12-11 23:40:25.945000+00:00,UNKNOWN_ORDER_SIDE,,,,,,
1007,581052486,ETH-USD,3836.95,0.03645154,2024-12-11 23:40:10.743072+00:00,BUY,,,,,,
1008,581052392,ETH-USD,3835.96,0.00258084,2024-12-11 23:39:55.907572+00:00,SELL,,,,,,
1009,581052334,ETH-USD,3836.85,0.57491898,2024-12-11 23:39:40.463404+00:00,BUY,,,,,,
1010,581052268,ETH-USD,3836.79,0.00066279,2024-12-11 23:39:24.891338+00:00,BUY,,,,,,
1011,581052190,ETH-USD,3837.14,0.00016916,2024-12-11 23:39:10.719072+00:00,SELL,,,,,,
1012,581052101,ETH-USD,3836.27,0.00544944,2024-12-11 23:38:55.900055+00:00,BUY,,,,,,
1013,581052034,ETH-USD,3836.72,0.00561152,2024-12-11 23:38:39.647659+00:00,SELL,,,,,,
1014,581051964,ETH-USD,3836.43,0.00000643,2024-12-11 23:38:25.570686+00:00,SELL,,,,,,
1015,581051869,ETH-USD,3835.22,0.00645365,2024-12-11 23:38:09.551789+00:00,SELL,,,,,,
1016,581051764,ETH-USD,3835.57,0.00109934,2024-12-11 23:37:55.684386+00:00,BUY,,,,,,
1017,581051582,ETH-USD,3837.12,0.00201658,2024-12-11 23:37:40.762324+00:00,SELL,,,,,,
1018,581051457,ETH-USD,3835.98,0.00044318,2024-12-11 23:37:25.094340+00:00,BUY,,,,,,
1019,581051319,ETH-USD,3837.85,0.00351855,2024-12-11 23:37:09.861088+00:00,SELL,,,,,,
1020,581051236,ETH-USD,3838.74,0.01158406,2024-12-11 23:36:55.824720+00:00,BUY,,,,,,
1021,581051058,ETH-USD,3839.87,0.00030531,2024-12-11 23:36:40.256859+00:00,SELL,,,,,,
1022,581050931,ETH-USD,3840.57,0.59060509,2024-12-11 23:36:25.142576+00:00,BUY,,,,,,
1023,581050823,ETH-USD,3839.15,0.11047087,2024-12-11 23:36:09.836410+00:00,BUY,,,,,,
1024,581050706,ETH-USD,3840.2,0.00025269,2024-12-11 23:35:55.533190+00:00,SELL,,,,,,
1025,581050643,ETH-USD,3840.06,0.0071134,2024-12-11 23:35:40.883000+00:00,SELL,,,,,,
1026,581050541,ETH-USD,3839.55,0.53651769,2024-12-11 23:35:25.159193+00:00,BUY,,,,,,
1027,581050413,ETH-USD,3840.28,0.0264788,2024-12-11 23:35:10.565752+00:00,BUY,,,,,,
1028,581050262,ETH-USD,3841.72,0.01112997,2024-12-11 23:34:55.946642+00:00,SELL,,,,,,
1029,581050150,ETH-USD,3843.51,0.00035664,2024-12-11 23:34:40.371780+00:00,BUY,,,,,,
1030,581050076,ETH-USD,3842.87,0.05,2024-12-11 23:34:25.998960+00:00,BUY,,,,,,
1031,581049911,ETH-USD,3842.34,0.00008848,2024-12-11 23:34:09.081048+00:00,BUY,,,,,,
1032,581049815,ETH-USD,3841.11,0.01172581,2024-12-11 23:33:55.787071+00:00,SELL,,,,,,
1033,581049725,ETH-USD,3842.09,0.00876486,2024-12-11 23:33:40.825038+00:00,SELL,,,,,,
1034,581049666,ETH-USD,3841.8,0.04657891,2024-12-11 23:33:25.553437+00:00,BUY,,,,,,
1035,581049578,ETH-USD,3842.98,0.00350937,2024-12-11 23:33:10.259293+00:00,SELL,,,,,,
1036,581049468,ETH-USD,3843.64,0.0006702,2024-12-11 23:32:55.350210+00:00,BUY,,,,,,
1037,581049310,ETH-USD,3843.12,0.00450523,2024-12-11 23:32:40.885855+00:00,SELL,,,,,,
1038,581049183,ETH-USD,3843.23,0.04689369,2024-12-11 23:32:25.479764+00:00,BUY,,,,,,
1039,581049066,ETH-USD,3843.28,0.005,2024-12-11 23:32:10.511729+00:00,SELL,,,,,,
1040,581048992,ETH-USD,3843.15,0.00158187,2024-12-11 23:31:55.729996+00:00,BUY,,,,,,
1041,581048820,ETH-USD,3843.33,0.00060956,2024-12-11 23:31:40.748052+00:00,BUY,,,,,,
1042,581048726,ETH-USD,3842.22,0.08831911,2024-12-11 23:31:25.869046+00:00,SELL,,,,,,
1043,581048604,ETH-USD,3842.21,0.00096438,2024-12-11 23:31:10.877573+00:00,BUY,,,,,,
1044,581048510,ETH-USD,3844.24,0.0322723,2024-12-11 23:30:54.935514+00:00,BUY,,,,,,
1045,581048362,ETH-USD,3845.58,0.02869487,2024-12-11 23:30:40.882463+00:00,SELL,,,,,,
1046,581048240,ETH-USD,3845.05,0.00001559,2024-12-11 23:30:25.988867+00:00,SELL,,,,,,
1047,581048065,ETH-USD,3844.4,0.02595984,2024-12-11 23:30:10.997964+00:00,SELL,,,,,,
1048,581047988,ETH-USD,3843.93,0.00724492,2024-12-11 23:29:55.985888+00:00,SELL,,,,,,
1049,581047878,ETH-USD,3843.05,0.01288234,2024-12-11 23:29:40.126679+00:00,SELL,,,,,,
1050,581047810,ETH-USD,3842.66,1,2024-12-11 23:29:25.795517+00:00,BUY,,,,,,
1051,581047733,ETH-USD,3842.12,0.00067847,2024-12-11 23:29:10.183950+00:00,BUY,,,,,,
1052,581047631,ETH-USD,3842.05,3.43848115,2024-12-11 23:28:55.489239+00:00,BUY,,,,,,
1053,581047494,ETH-USD,3842.04,0.00103332,2024-12-11 23:28:40.493029+00:00,SELL,,,,,,
1054,581047429,ETH-USD,3842.44,0.83444848,2024-12-11 23:28:25.918494+00:00,BUY,,,,,,
1055,581047333,ETH-USD,3841.06,1.992696,2024-12-11 23:28:09.473873+00:00,BUY,,,,,,
1056,581047239,ETH-USD,3841.16,0.00103358,2024-12-11 23:27:55.832142+00:00,SELL,,,,,,
1057,581047144,ETH-USD,3840.28,0.00002342,2024-12-11 23:27:40.009024+00:00,SELL,,,,,,
1058,581047045,ETH-USD,3840.89,3.02372448,2024-12-11 23:27:25.771450+00:00,BUY,,,,,,
1059,581046936,ETH-USD,3842.22,0.005,2024-12-11 23:27:10.724044+00:00,BUY,,,,,,
1060,2024-12-11T23:26:55.475Z-ETH/USD-3844.306-0.01,ETH-USD,3844.306,0.01,2024-12-11 23:26:55.475000+00:00,UNKNOWN_ORDER_SIDE,,,,,,
1061,581046754,ETH-USD,3840.65,0.01986252,2024-12-11 23:26:40.663897+00:00,SELL,,,,,,
1062,581046660,ETH-USD,3839.82,0.00103406,2024-12-11 23:26:25.948765+00:00,SELL,,,,,,
1063,581046586,ETH-USD,3838.18,0.00878824,2024-12-11 23:26:10.478231+00:00,SELL,,,,,,
1064,581046495,ETH-USD,3836.96,0.0329082,2024-12-11 23:25:55.182955+00:00,BUY,,,,,,
1065,581046444,ETH-USD,3836.38,0.00347917,2024-12-11 23:25:40.748783+00:00,SELL,,,,,,
1066,581046382,ETH-USD,3837.09,0.00386688,2024-12-11 23:25:25.830901+00:00,SELL,,,,,,
1067,581046297,ETH-USD,3837.13,0.00260567,2024-12-11 23:25:10.748629+00:00,BUY,,,,,,
1068,581046202,ETH-USD,3838.17,0.00086145,2024-12-11 23:24:55.881203+00:00,SELL,,,,,,
1069,581046092,ETH-USD,3837.07,1.5360664,2024-12-11 23:24:40.690277+00:00,BUY,,,,,,
1070,581046041,ETH-USD,3837.26,0.00058485,2024-12-11 23:24:25.358091+00:00,SELL,,,,,,
1071,581045954,ETH-USD,3837.6,0.0007304,2024-12-11 23:24:10.270615+00:00,SELL,,,,,,
1072,581045859,ETH-USD,3838.62,0.02610811,2024-12-11 23:23:55.738342+00:00,SELL,,,,,,
1073,581045750,ETH-USD,3839.17,0.015,2024-12-11 23:23:40.853398+00:00,SELL,,,,,,
1074,581045651,ETH-USD,3838.49,0.00325633,2024-12-11 23:23:25.556058+00:00,SELL,,,,,,
1075,581045498,ETH-USD,3839.46,1.76464286,2024-12-11 23:23:10.621471+00:00,BUY,,,,,,
1076,581045424,ETH-USD,3839.11,0.00065833,2024-12-11 23:22:54.350589+00:00,BUY,,,,,,
1077,581045360,ETH-USD,3839.12,0.00853149,2024-12-11 23:22:40.856092+00:00,SELL,,,,,,
1078,581045178,ETH-USD,3838.45,0.04396786,2024-12-11 23:22:24.409953+00:00,SELL,,,,,,
1079,581045002,ETH-USD,3840.19,0.00051797,2024-12-11 23:22:10.609673+00:00,SELL,,,,,,
1080,581044895,ETH-USD,3841.25,0.04583683,2024-12-11 23:21:55.853116+00:00,BUY,,,,,,
1081,581044799,ETH-USD,3841.37,0.0458354,2024-12-11 23:21:40.996944+00:00,BUY,,,,,,
1082,581044679,ETH-USD,3841.42,0.0001268,2024-12-11 23:21:24.833365+00:00,SELL,,,,,,
1083,581044579,ETH-USD,3843.27,0.04581274,2024-12-11 23:21:10.874531+00:00,BUY,,,,,,
1084,581044453,ETH-USD,3844.13,0.06296625,2024-12-11 23:20:55.703723+00:00,BUY,,,,,,
1085,581044338,ETH-USD,3844.69,0.00001272,2024-12-11 23:20:40.671642+00:00,SELL,,,,,,
1086,581044142,ETH-USD,3845.75,0.21193,2024-12-11 23:20:25.887450+00:00,BUY,,,,,,
1087,581044064,ETH-USD,3845.24,0.02574545,2024-12-11 23:20:10.495873+00:00,SELL,,,,,,
1088,581043923,ETH-USD,3844.83,1.30045005,2024-12-11 23:19:55.989553+00:00,SELL,,,,,,
1089,581043830,ETH-USD,3845.0,0.25753351,2024-12-11 23:19:40.796939+00:00,SELL,,,,,,
1090,581043696,ETH-USD,3844.15,0.00711483,2024-12-11 23:19:25.874667+00:00,BUY,,,,,,
1091,581043608,ETH-USD,3842.98,0.00001845,2024-12-11 23:19:10.603028+00:00,SELL,,,,,,
1092,581043514,ETH-USD,3842.21,0.00259122,2024-12-11 23:18:55.749846+00:00,SELL,,,,,,
1093,581043411,ETH-USD,3843.0,0.00102583,2024-12-11 23:18:40.982801+00:00,SELL,,,,,,
1094,581043356,ETH-USD,3843.51,0.00066618,2024-12-11 23:18:25.493147+00:00,BUY,,,,,,
1095,581043225,ETH-USD,3841.93,0.00221559,2024-12-11 23:18:10.814512+00:00,SELL,,,,,,
1096,581043123,ETH-USD,3844.11,1.30069118,2024-12-11 23:17:54.239603+00:00,SELL,,,,,,
1097,581043057,ETH-USD,3844.78,0.00128713,2024-12-11 23:17:40.349393+00:00,SELL,,,,,,
1098,581042964,ETH-USD,3845.24,0.18091191,2024-12-11 23:17:25.857750+00:00,BUY,,,,,,
1099,581042882,ETH-USD,3846.27,4.68992331,2024-12-11 23:17:10.950920+00:00,BUY,,,,,,
1100,581042794,ETH-USD,3845.73,0.0148,2024-12-11 23:16:55.682049+00:00,SELL,,,,,,
1101,581042697,ETH-USD,3847.77,0.00849499,2024-12-11 23:16:40.855443+00:00,SELL,,,,,,
1102,581042598,ETH-USD,3847.05,0.0010078,2024-12-11 23:16:25.333381+00:00,BUY,,,,,,
1103,581042529,ETH-USD,3845.82,1.37281397,2024-12-11 23:16:10.554183+00:00,BUY,,,,,,
1104,581042403,ETH-USD,3848.14,0.00065372,2024-12-11 23:15:55.625781+00:00,BUY,,,,,,
1105,581042296,ETH-USD,3848.18,0.01321541,2024-12-11 23:15:40.277631+00:00,SELL,,,,,,
1106,581042226,ETH-USD,3847.87,1.57898684,2024-12-11 23:15:25.737148+00:00,BUY,,,,,,
1107,581042036,ETH-USD,3848.02,0.00231853,2024-12-11 23:15:10.827243+00:00,SELL,,,,,,
1108,581041855,ETH-USD,3846.61,0.00231797,2024-12-11 23:14:54.559801+00:00,SELL,,,,,,
1109,581041748,ETH-USD,3846.78,0.00001871,2024-12-11 23:14:40.929346+00:00,SELL,,,,,,
1110,581041592,ETH-USD,3848.54,0.01,2024-12-11 23:14:25.787878+00:00,BUY,,,,,,
1111,581041442,ETH-USD,3845.27,0.00296959,2024-12-11 23:14:10.749423+00:00,SELL,,,,,,
1112,581041317,ETH-USD,3843.87,0.00888886,2024-12-11 23:13:55.860034+00:00,SELL,,,,,,
1113,581041231,ETH-USD,3843.34,0.02094691,2024-12-11 23:13:40.846945+00:00,BUY,,,,,,
1114,581041083,ETH-USD,3845.0,1.4286291,2024-12-11 23:13:25.971870+00:00,BUY,,,,,,
1115,581040953,ETH-USD,3846.5,1.23,2024-12-11 23:13:10.688173+00:00,BUY,,,,,,
1116,581040824,ETH-USD,3847.03,4.61428326,2024-12-11 23:12:55.953680+00:00,BUY,,,,,,
1117,581040676,ETH-USD,3849.17,0.00359774,2024-12-11 23:12:39.725540+00:00,BUY,,,,,,
1118,581040576,ETH-USD,3847.09,0.04913682,2024-12-11 23:12:25.600667+00:00,SELL,,,,,,
1119,581040490,ETH-USD,3848.72,0.00484543,2024-12-11 23:12:10.295383+00:00,BUY,,,,,,
1120,581040386,ETH-USD,3849.55,2.26923847,2024-12-11 23:11:55.857467+00:00,BUY,,,,,,
1121,581040249,ETH-USD,3850.74,0.30365142,2024-12-11 23:11:40.996592+00:00,SELL,,,,,,
1122,581040195,ETH-USD,3850.39,0.00001963,2024-12-11 23:11:25.997133+00:00,SELL,,,,,,
1123,581040077,ETH-USD,3850.64,0.00002531,2024-12-11 23:11:10.916711+00:00,SELL,,,,,,
1124,581039960,ETH-USD,3849.46,1.43827385,2024-12-11 23:10:55.975214+00:00,BUY,,,,,,
1125,581039884,ETH-USD,3850.19,0.01118019,2024-12-11 23:10:40.593132+00:00,BUY,,,,,,
1126,581039812,ETH-USD,3850.81,0.00681168,2024-12-11 23:10:25.963542+00:00,SELL,,,,,,
1127,581039646,ETH-USD,3849.67,0.00423767,2024-12-11 23:10:10.261148+00:00,SELL,,,,,,
1128,581039540,ETH-USD,3849.62,0.00315248,2024-12-11 23:09:55.191576+00:00,SELL,,,,,,
1129,581039475,ETH-USD,3850.32,0.00793869,2024-12-11 23:09:40.969611+00:00,BUY,,,,,,
1130,581039357,ETH-USD,3851.5,0.1,2024-12-11 23:09:25.789696+00:00,SELL,,,,,,
1131,581039225,ETH-USD,3850.93,0.00001616,2024-12-11 23:09:10.096047+00:00,SELL,,,,,,
1132,581039124,ETH-USD,3850.85,0.01527034,2024-12-11 23:08:55.187913+00:00,BUY,,,,,,
1133,581039024,ETH-USD,3850.61,0.00095796,2024-12-11 23:08:40.960000+00:00,BUY,,,,,,
1134,581038914,ETH-USD,3848.87,0.00001173,2024-12-11 23:08:25.536554+00:00,SELL,,,,,,
1135,581038826,ETH-USD,3849.76,0.00573798,2024-12-11 23:08:10.584262+00:00,SELL,,,,,,
1136,581038683,ETH-USD,3850.24,0.0052,2024-12-11 23:07:55.431684+00:00,BUY,,,,,,
1137,581038511,ETH-USD,3849.02,0.00316548,2024-12-11 23:07:40.761104+00:00,BUY,,,,,,
1138,581038328,ETH-USD,3848.04,1.31872669,2024-12-11 23:07:25.983305+00:00,BUY,,,,,,
1139,581038213,ETH-USD,3848.95,0.01992467,2024-12-11 23:07:10.563376+00:00,SELL,,,,,,
1140,581038044,ETH-USD,3845.04,0.00043888,2024-12-11 23:06:55.440783+00:00,BUY,,,,,,
1141,581037941,ETH-USD,3846.08,0.04510819,2024-12-11 23:06:40.993947+00:00,BUY,,,,,,
1142,581037833,ETH-USD,3845.31,0.01287282,2024-12-11 23:06:25.007007+00:00,SELL,,,,,,
1143,581037776,ETH-USD,3845.32,1.07471198,2024-12-11 23:06:10.897770+00:00,BUY,,,,,,
1144,581037668,ETH-USD,3844.63,0.32,2024-12-11 23:05:55.275874+00:00,SELL,,,,,,
1145,581037562,ETH-USD,3844.37,0.5,2024-12-11 23:05:40.937873+00:00,SELL,,,,,,
1146,581037443,ETH-USD,3846.48,0.0123548,2024-12-11 23:05:25.170856+00:00,SELL,,,,,,
1147,581037266,ETH-USD,3846.74,0.0262515,2024-12-11 23:05:10.570782+00:00,BUY,,,,,,
1148,581037119,ETH-USD,3847.14,0.04267307,2024-12-11 23:04:55.628390+00:00,SELL,,,,,,
1149,581037017,ETH-USD,3846.24,0.00014007,2024-12-11 23:04:40.409919+00:00,SELL,,,,,,
1150,2024-12-11T23:04:25.813Z-ETH/USD-3846.436-0.4,ETH-USD,3846.436,0.4,2024-12-11 23:04:25.813000+00:00,UNKNOWN_ORDER_SIDE,,,,,,
1151,581036743,ETH-USD,3847.56,0.3324699,2024-12-11 23:04:10.345407+00:00,BUY,,,,,,
1152,581036583,ETH-USD,3849.7,1.43266056,2024-12-11 23:03:55.979656+00:00,BUY,,,,,,
1153,581036401,ETH-USD,3848.13,0.0100014,2024-12-11 23:03:40.451470+00:00,SELL,,,,,,
1154,581036147,ETH-USD,3844.62,0.69976365,2024-12-11 23:03:25.943573+00:00,SELL,,,,,,
1155,581036004,ETH-USD,3842.85,0.00897533,2024-12-11 23:03:10.627155+00:00,BUY,,,,,,
1156,581035866,ETH-USD,3842.7,0.00279502,2024-12-11 23:02:55.786773+00:00,SELL,,,,,,
1157,581035770,ETH-USD,3841.1,0.00047009,2024-12-11 23:02:40.749752+00:00,SELL,,,,,,
1158,581035694,ETH-USD,3841.08,0.01118642,2024-12-11 23:02:25.501106+00:00,SELL,,,,,,
1159,581035639,ETH-USD,3841.19,0.00644397,2024-12-11 23:02:10.869754+00:00,SELL,,,,,,
1160,581035564,ETH-USD,3841.04,0.00042472,2024-12-11 23:01:55.452609+00:00,SELL,,,,,,
1161,581035486,ETH-USD,3841.39,0.05184919,2024-12-11 23:01:40.404858+00:00,SELL,,,,,,
1162,581035412,ETH-USD,3841.71,0.00052369,2024-12-11 23:01:25.963165+00:00,SELL,,,,,,
1163,581035293,ETH-USD,3841.39,0.00003769,2024-12-11 23:01:10.574907+00:00,SELL,,,,,,
1164,581035210,ETH-USD,3842.61,0.00033318,2024-12-11 23:00:55.656182+00:00,SELL,,,,,,
1165,581035129,ETH-USD,3841.82,0.01456723,2024-12-11 23:00:40.660335+00:00,SELL,,,,,,
1166,581035046,ETH-USD,3840.66,0.01410455,2024-12-11 23:00:25.988192+00:00,SELL,,,,,,
1167,581034926,ETH-USD,3841.46,0.00000222,2024-12-11 23:00:10.555153+00:00,SELL,,,,,,
1168,581034737,ETH-USD,3839.13,0.02604859,2024-12-11 22:59:55.928135+00:00,BUY,,,,,,
1169,581034664,ETH-USD,3839.15,0.0001738,2024-12-11 22:59:40.987567+00:00,SELL,,,,,,
1170,2024-12-11T22:59:25.995Z-ETH/USD-3841.32-0.01,ETH-USD,3841.32,0.01,2024-12-11 22:59:25.995000+00:00,UNKNOWN_ORDER_SIDE,,,,,,
1171,581034458,ETH-USD,3838.44,0.00128816,2024-12-11 22:59:10.383474+00:00,SELL,,,,,,
1172,2024-12-11T22:58:55.871Z-ETH/USD-3845.38-7.73,ETH-USD,3845.38,7.73,2024-12-11 22:58:55.871000+00:00,UNKNOWN_ORDER_SIDE,,,,,,
1173,581034230,ETH-USD,3842.72,0.01314136,2024-12-11 22:58:40.933556+00:00,BUY,,,,,,
1174,581034157,ETH-USD,3842.86,0.00128727,2024-12-11 22:58:25.969545+00:00,SELL,,,,,,
1175,581034009,ETH-USD,3845.33,1.73497336,2024-12-11 22:58:10.730370+00:00,BUY,,,,,,
1176,581033928,ETH-USD,3845.82,0.00050774,2024-12-11 22:57:55.903195+00:00,SELL,,,,,,
1177,581033821,ETH-USD,3847.08,0.01922,2024-12-11 22:57:40.989639+00:00,BUY,,,,,,
1178,581033727,ETH-USD,3848.01,0.0003021,2024-12-11 22:57:24.468690+00:00,SELL,,,,,,
1179,581033660,ETH-USD,3847.5,0.00255286,2024-12-11 22:57:10.585633+00:00,SELL,,,,,,
1180,581033585,ETH-USD,3847.62,0.0336027,2024-12-11 22:56:54.617618+00:00,BUY,,,,,,
1181,581033519,ETH-USD,3847.63,0.00079255,2024-12-11 22:56:40.477503+00:00,BUY,,,,,,
1182,581033377,ETH-USD,3847.05,0.68862459,2024-12-11 22:56:25.831091+00:00,BUY,,,,,,
1183,581033271,ETH-USD,3845.81,0.25999613,2024-12-11 22:56:10.849230+00:00,BUY,,,,,,
1184,581033180,ETH-USD,3846.07,0.01789894,2024-12-11 22:55:55.394060+00:00,SELL,,,,,,
1185,581032980,ETH-USD,3841.82,0.00364627,2024-12-11 22:55:40.721257+00:00,SELL,,,,,,
1186,581032845,ETH-USD,3840.23,0.01247647,2024-12-11 22:55:25.811954+00:00,SELL,,,,,,
1187,581032716,ETH-USD,3839.66,0.12363757,2024-12-11 22:55:10.791160+00:00,SELL,,,,,,
1188,581032639,ETH-USD,3840.9,0.01678328,2024-12-11 22:54:55.983713+00:00,SELL,,,,,,
1189,581032359,ETH-USD,3835.5,0.01627254,2024-12-11 22:54:40.877900+00:00,SELL,,,,,,
1190,581032261,ETH-USD,3834.85,0.00129132,2024-12-11 22:54:24.808563+00:00,SELL,,,,,,
1191,581032145,ETH-USD,3833.73,0.00282033,2024-12-11 22:54:10.800179+00:00,SELL,,,,,,
1192,581031995,ETH-USD,3833.26,0.00012329,2024-12-11 22:53:55.979587+00:00,SELL,,,,,,
1193,581031911,ETH-USD,3832.69,0.00607275,2024-12-11 22:53:40.770486+00:00,SELL,,,,,,
1194,581031835,ETH-USD,3832.68,0.00002443,2024-12-11 22:53:24.639347+00:00,SELL,,,,,,
1195,581031780,ETH-USD,3832.68,0.00013046,2024-12-11 22:53:10.584624+00:00,SELL,,,,,,
1196,581031666,ETH-USD,3832.66,0.02583487,2024-12-11 22:52:55.661801+00:00,SELL,,,,,,
1197,581031490,ETH-USD,3831.92,0.02741292,2024-12-11 22:52:40.935977+00:00,BUY,,,,,,
1198,581031401,ETH-USD,3831.99,0.00127715,2024-12-11 22:52:25.791685+00:00,SELL,,,,,,
1199,581031343,ETH-USD,3832.19,0.00466177,2024-12-11 22:52:10.651297+00:00,BUY,,,,,,
1200,581031286,ETH-USD,3832.5,0.00097786,2024-12-11 22:51:55.148725+00:00,BUY,,,,,,
1201,581031203,ETH-USD,3832.02,0.00470841,2024-12-11 22:51:40.699242+00:00,BUY,,,,,,
1202,581031151,ETH-USD,3832.14,0.09329754,2024-12-11 22:51:25.772369+00:00,SELL,,,,,,
